@article{Bauer:2018onh,
      author         = "Bauer, Martin and Foldenauer, Patrick and Jaeckel, Joerg",
      title          = "{Hunting All the Hidden Photons}",
      year           = "2018",
      eprint         = "1803.05466",
      archivePrefix  = "arXiv",
      primaryClass   = "hep-ph",
      SLACcitation   = "%%CITATION = ARXIV:1803.05466;%%"
}

@article{Deniz:2009mu,
      author         = "Deniz, M. and others",
      title          = "{Measurement of Nu(e)-bar -Electron Scattering
                        Cross-Section with a CsI(Tl) Scintillating Crystal Array
                        at the Kuo-Sheng Nuclear Power Reactor}",
      collaboration  = "TEXONO",
      journal        = "Phys. Rev.",
      volume         = "D81",
      year           = "2010",
      pages          = "072001",
      doi            = "10.1103/PhysRevD.81.072001",
      eprint         = "0911.1597",
      archivePrefix  = "arXiv",
      primaryClass   = "hep-ex",
      reportNumber   = "AS-TEXONO-09-04",
      SLACcitation   = "%%CITATION = ARXIV:0911.1597;%%"
}

@article{Banerjee:2018vgk,
      author         = "Banerjee, D. and others",
      title          = "{Search for a new X(16.7) boson and dark photons in the
                        NA64 experiment at CERN}",
      collaboration  = "NA64",
      year           = "2018",
      eprint         = "1803.07748",
      archivePrefix  = "arXiv",
      primaryClass   = "hep-ex",
      reportNumber   = "CERN-EP-2018-043, CERN-EP-2018-043",
      SLACcitation   = "%%CITATION = ARXIV:1803.07748;%%"
}

@article{Vilain:1993kd,
      author         = "Vilain, P. and others",
      title          = "{Measurement of differential cross-sections for
                        muon-neutrino electron scattering}",
      collaboration  = "CHARM-II",
      journal        = "Phys. Lett.",
      volume         = "B302",
      year           = "1993",
      pages          = "351-355",
      doi            = "10.1016/0370-2693(93)90408-A",
      reportNumber   = "CERN-PPE-93-13",
      SLACcitation   = "%%CITATION = PHLTA,B302,351;%%"
}

@article{Abdallah:2003np,
      author         = "Abdallah, J. and others",
      title          = "{Photon events with missing energy in e+ e- collisions at
                        s**(1/2) = 130-GeV to 209-GeV}",
      collaboration  = "DELPHI",
      journal        = "Eur. Phys. J.",
      volume         = "C38",
      year           = "2005",
      pages          = "395-411",
      doi            = "10.1140/epjc/s2004-02051-8",
      eprint         = "hep-ex/0406019",
      archivePrefix  = "arXiv",
      primaryClass   = "hep-ex",
      reportNumber   = "CERN-EP-2003-093",
      SLACcitation   = "%%CITATION = HEP-EX/0406019;%%"
}

@article{Abdallah:2008aa,
      author         = "Abdallah, J. and others",
      title          = "{Search for one large extra dimension with the DELPHI
                        detector at LEP}",
      collaboration  = "DELPHI",
      journal        = "Eur. Phys. J.",
      volume         = "C60",
      year           = "2009",
      pages          = "17-23",
      doi            = "10.1140/epjc/s10052-009-0874-9",
      eprint         = "0901.4486",
      archivePrefix  = "arXiv",
      primaryClass   = "hep-ex",
      reportNumber   = "CERN-PH-EP-2008-013",
      SLACcitation   = "%%CITATION = ARXIV:0901.4486;%%"
}


@article{Heeck:2014zfa,
      author         = "Heeck, Julian",
      title          = "{Unbroken B – L symmetry}",
      journal        = "Phys. Lett.",
      volume         = "B739",
      year           = "2014",
      pages          = "256-262",
      doi            = "10.1016/j.physletb.2014.10.067",
      eprint         = "1408.6845",
      archivePrefix  = "arXiv",
      primaryClass   = "hep-ph",
      SLACcitation   = "%%CITATION = ARXIV:1408.6845;%%"
}

@article{Campos:2017dgc,
      author         = "Campos, Miguel D. and Cogollo, D. and Lindner, Manfred
                        and Melo, T. and Queiroz, Farinaldo S. and Rodejohann,
                        Werner",
      title          = "{Neutrino Masses and Absence of Flavor Changing
                        Interactions in the 2HDM from Gauge Principles}",
      journal        = "JHEP",
      volume         = "08",
      year           = "2017",
      pages          = "092",
      doi            = "10.1007/JHEP08(2017)092",
      eprint         = "1705.05388",
      archivePrefix  = "arXiv",
      primaryClass   = "hep-ph",
      SLACcitation   = "%%CITATION = ARXIV:1705.05388;%%"
}

@article{Fox:2011fx,
      author         = "Fox, Patrick J. and Harnik, Roni and Kopp, Joachim and
                        Tsai, Yuhsin",
      title          = "{LEP Shines Light on Dark Matter}",
      journal        = "Phys. Rev.",
      volume         = "D84",
      year           = "2011",
      pages          = "014028",
      doi            = "10.1103/PhysRevD.84.014028",
      eprint         = "1103.0240",
      archivePrefix  = "arXiv",
      primaryClass   = "hep-ph",
      reportNumber   = "FERMILAB-PUB-11-039-T",
      SLACcitation   = "%%CITATION = ARXIV:1103.0240;%%"
}

@article{Fayet:2006sp,
      author         = "Fayet, Pierre",
      title          = "{Constraints on Light Dark Matter and U bosons, from psi,
                        Upsilon, K+, pi0, eta and eta-prime decays}",
      journal        = "Phys. Rev.",
      volume         = "D74",
      year           = "2006",
      pages          = "054034",
      doi            = "10.1103/PhysRevD.74.054034",
      eprint         = "hep-ph/0607318",
      archivePrefix  = "arXiv",
      primaryClass   = "hep-ph",
      reportNumber   = "LPTENS-06-31",
      SLACcitation   = "%%CITATION = HEP-PH/0607318;%%"
}

@article{Fayet:2007ua,
      author         = "Fayet, Pierre",
      title          = "{U-boson production in e+ e- annihilations, psi and
                        Upsilon decays, and Light Dark Matter}",
      journal        = "Phys. Rev.",
      volume         = "D75",
      year           = "2007",
      pages          = "115017",
      doi            = "10.1103/PhysRevD.75.115017",
      eprint         = "hep-ph/0702176",
      archivePrefix  = "arXiv",
      primaryClass   = "HEP-PH",
      reportNumber   = "LPTENS-07-07",
      SLACcitation   = "%%CITATION = HEP-PH/0702176;%%"
}

@article{Fayet:1990wx,
      author         = "Fayet, Pierre",
      title          = "{Extra U(1)'s and New Forces}",
      journal        = "Nucl. Phys.",
      volume         = "B347",
      year           = "1990",
      pages          = "743-768",
      doi            = "10.1016/0550-3213(90)90381-M",
      reportNumber   = "LPTENS-90/7",
      SLACcitation   = "%%CITATION = NUPHA,B347,743;%%"
}

@article{Williams:2011qb,
      author         = "Williams, M. and Burgess, C. P. and Maharana, Anshuman
                        and Quevedo, F.",
      title          = "{New Constraints (and Motivations) for Abelian Gauge
                        Bosons in the MeV-TeV Mass Range}",
      journal        = "JHEP",
      volume         = "08",
      year           = "2011",
      pages          = "106",
      doi            = "10.1007/JHEP08(2011)106",
      eprint         = "1103.4556",
      archivePrefix  = "arXiv",
      primaryClass   = "hep-ph",
      SLACcitation   = "%%CITATION = ARXIV:1103.4556;%%"
}

@article{Banerjee:2017hhz,
      author         = "Banerjee, D. and others",
      title          = "{Search for vector mediator of Dark Matter production in
                        invisible decay mode}",
      collaboration  = "NA64",
      year           = "2017",
      eprint         = "1710.00971",
      archivePrefix  = "arXiv",
      primaryClass   = "hep-ex",
      SLACcitation   = "%%CITATION = ARXIV:1710.00971;%%"
}

@article{Dobrescu:2014fca,
      author         = "Dobrescu, Bogdan A. and Frugiuele, Claudia",
      title          = "{Hidden GeV-scale interactions of quarks}",
      journal        = "Phys. Rev. Lett.",
      volume         = "113",
      year           = "2014",
      pages          = "061801",
      doi            = "10.1103/PhysRevLett.113.061801",
      eprint         = "1404.3947",
      archivePrefix  = "arXiv",
      primaryClass   = "hep-ph",
      reportNumber   = "FERMILAB-PUB-14-098-T",
      SLACcitation   = "%%CITATION = ARXIV:1404.3947;%%"
}


@article{Feng:2016ysn,
      author         = "Feng, Jonathan L. and Fornal, Bartosz and Galon, Iftah
                        and Gardner, Susan and Smolinsky, Jordan and Tait, Tim M.
                        P. and Tanedo, Philip",
      title          = "{Particle physics models for the 17 MeV anomaly in
                        beryllium nuclear decays}",
      journal        = "Phys. Rev.",
      volume         = "D95",
      year           = "2017",
      number         = "3",
      pages          = "035017",
      doi            = "10.1103/PhysRevD.95.035017",
      eprint         = "1608.03591",
      archivePrefix  = "arXiv",
      primaryClass   = "hep-ph",
      reportNumber   = "UCI-TR-2016-12",
      SLACcitation   = "%%CITATION = ARXIV:1608.03591;%%"
}

@article{Sjostrand:2014zea,
      author         = "Sjöstrand, Torbjörn and Ask, Stefan and Christiansen,
                        Jesper R. and Corke, Richard and Desai, Nishita and Ilten,
                        Philip and Mrenna, Stephen and Prestel, Stefan and
                        Rasmussen, Christine O. and Skands, Peter Z.",
      title          = "{An Introduction to PYTHIA 8.2}",
      journal        = "Comput. Phys. Commun.",
      volume         = "191",
      year           = "2015",
      pages          = "159-177",
      doi            = "10.1016/j.cpc.2015.01.024",
      eprint         = "1410.3012",
      archivePrefix  = "arXiv",
      primaryClass   = "hep-ph",
      reportNumber   = "LU-TP-14-36, MCNET-14-22, CERN-PH-TH-2014-190,
                        FERMILAB-PUB-14-316-CD, DESY-14-178, SLAC-PUB-16122,
                        --FERMILAB-PUB-14-316-CD",
      SLACcitation   = "%%CITATION = ARXIV:1410.3012;%%"
}

@article{Andreas:2012mt,
      author         = "Andreas, Sarah and Niebuhr, Carsten and Ringwald,
                        Andreas",
      title          = "{New Limits on Hidden Photons from Past Electron Beam
                        Dumps}",
      journal        = "Phys. Rev.",
      volume         = "D86",
      year           = "2012",
      pages          = "095019",
      doi            = "10.1103/PhysRevD.86.095019",
      eprint         = "1209.6083",
      archivePrefix  = "arXiv",
      primaryClass   = "hep-ph",
      reportNumber   = "DESY-12-054",
      SLACcitation   = "%%CITATION = ARXIV:1209.6083;%%"
}


@article{Arnaldi:2016pzu,
      author         = "Arnaldi, R. and others",
      title          = "{Precision study of the $\eta\to\mu^+\mu^-\gamma$ and
                        $\omega\to\mu^+\mu^-\pi^0$ electromagnetic transition
                        form-factors and of the $\rho\to\mu^+\mu^-$ line shape in
                        NA60}",
      collaboration  = "NA60",
      journal        = "Phys. Lett.",
      volume         = "B757",
      year           = "2016",
      pages          = "437-444",
      doi            = "10.1016/j.physletb.2016.04.013",
      eprint         = "1608.07898",
      archivePrefix  = "arXiv",
      primaryClass   = "hep-ex",
      SLACcitation   = "%%CITATION = ARXIV:1608.07898;%%"
}

@article{Fanelli:2016utb,
      author         = "Fanelli, Cristiano and Williams, Mike",
      title          = "{Photoproduction of leptophobic bosons}",
      journal        = "J. Phys.",
      volume         = "G44",
      year           = "2017",
      number         = "1",
      pages          = "014002",
      doi            = "10.1088/0954-3899/44/1/014002",
      eprint         = "1605.07161",
      archivePrefix  = "arXiv",
      primaryClass   = "hep-ph",
      SLACcitation   = "%%CITATION = ARXIV:1605.07161;%%"
}

@article{Bellini:2011rx,
      author         = "Bellini, G. and others",
      title          = "{Precision measurement of the 7Be solar neutrino
                        interaction rate in Borexino}",
      journal        = "Phys. Rev. Lett.",
      volume         = "107",
      year           = "2011",
      pages          = "141302",
      doi            = "10.1103/PhysRevLett.107.141302",
      eprint         = "1104.1816",
      archivePrefix  = "arXiv",
      primaryClass   = "hep-ex",
      SLACcitation   = "%%CITATION = ARXIV:1104.1816;%%"
}

@article{Cline:2014dwa,
      author         = "Cline, James M. and Dupuis, Grace and Liu, Zuowei and
                        Xue, Wei",
      title          = "{The windows for kinetically mixed Z'-mediated dark
                        matter and the galactic center gamma ray excess}",
      journal        = "JHEP",
      volume         = "08",
      year           = "2014",
      pages          = "131",
      doi            = "10.1007/JHEP08(2014)131",
      eprint         = "1405.7691",
      archivePrefix  = "arXiv",
      primaryClass   = "hep-ph",
      SLACcitation   = "%%CITATION = ARXIV:1405.7691;%%"
}

@article{Cassel:2009pu,
      author         = "Cassel, S. and Ghilencea, D. M. and Ross, G. G.",
      title          = "{Electroweak and Dark Matter Constraints on a Z-prime in
                        Models with a Hidden Valley}",
      journal        = "Nucl. Phys.",
      volume         = "B827",
      year           = "2010",
      pages          = "256-280",
      doi            = "10.1016/j.nuclphysb.2009.10.029",
      eprint         = "0903.1118",
      archivePrefix  = "arXiv",
      primaryClass   = "hep-ph",
      reportNumber   = "OUTP-09-06P",
      SLACcitation   = "%%CITATION = ARXIV:0903.1118;%%"
}

@article{Barello:2015bhq,
      author         = "Barello, G. and Chang, Spencer and Newby, Christopher A.",
      title          = "{Correlated signals at the energy and intensity frontiers
                        from non-Abelian kinetic mixing}",
      journal        = "Phys. Rev.",
      volume         = "D94",
      year           = "2016",
      number         = "5",
      pages          = "055018",
      doi            = "10.1103/PhysRevD.94.055018",
      eprint         = "1511.02865",
      archivePrefix  = "arXiv",
      primaryClass   = "hep-ph",
      SLACcitation   = "%%CITATION = ARXIV:1511.02865;%%"
}

@article{Haisch:2016hzu,
      author         = "Haisch, Ulrich and Kamenik, Jernej F.",
      title          = "{Searching for new spin-0 resonances at LHCb}",
      journal        = "Phys. Rev.",
      volume         = "D93",
      year           = "2016",
      number         = "5",
      pages          = "055047",
      doi            = "10.1103/PhysRevD.93.055047",
      eprint         = "1601.05110",
      archivePrefix  = "arXiv",
      primaryClass   = "hep-ph",
      reportNumber   = "CERN-TH-2016-010",
      SLACcitation   = "%%CITATION = ARXIV:1601.05110;%%"
}

@article{Kahn:2016vjr,
      author         = "Kahn, Yonatan and Krnjaic, Gordan and Mishra-Sharma,
                        Siddharth and Tait, Tim M. P.",
      title          = "{Light Weakly Coupled Axial Forces: Models, Constraints,
                        and Projections}",
      journal        = "JHEP",
      volume         = "05",
      year           = "2017",
      pages          = "002",
      doi            = "10.1007/JHEP05(2017)002",
      eprint         = "1609.09072",
      archivePrefix  = "arXiv",
      primaryClass   = "hep-ph",
      reportNumber   = "FERMILAB-PUB-16-385-PPD, UCI-HEP-TR-2016-15, MITP-16-098,
                        PUPT-2507",
      SLACcitation   = "%%CITATION = ARXIV:1609.09072;%%"
}

@article{Harnik:2012ni,
      author         = "Harnik, Roni and Kopp, Joachim and Machado, Pedro A. N.",
      title          = "{Exploring $\nu$ Signals in Dark Matter Detectors}",
      journal        = "JCAP",
      volume         = "1207",
      year           = "2012",
      pages          = "026",
      doi            = "10.1088/1475-7516/2012/07/026",
      eprint         = "1202.6073",
      archivePrefix  = "arXiv",
      primaryClass   = "hep-ph",
      reportNumber   = "FERMILAB-PUB-12-048-T",
      SLACcitation   = "%%CITATION = ARXIV:1202.6073;%%"
}

@article{Ismail:2017fgq,
      author         = "Ismail, Ahmed and Katz, Andrey",
      title          = "{Anomalous $Z'$ and Diboson Resonances at the LHC}",
      year           = "2017",
      eprint         = "1712.01840",
      archivePrefix  = "arXiv",
      primaryClass   = "hep-ph",
      reportNumber   = "CERN-TH-2017-254, PITT-PACC-1716",
      SLACcitation   = "%%CITATION = ARXIV:1712.01840;%%"
}

@article{Achasov:2002ud,
      author         = "Achasov, M. N. and others",
      title          = "{Study of the process $e^+ e^- \to \pi^+ \pi^- \pi^0$ in the
                        energy region $\sqrt{s}$ from 0.98 GeV to 1.38 GeV}",
      journal        = "Phys. Rev.",
      volume         = "D66",
      year           = "2002",
      pages          = "032001",
      doi            = "10.1103/PhysRevD.66.032001",
      eprint         = "hep-ex/0201040",
      archivePrefix  = "arXiv",
      primaryClass   = "hep-ex",
      SLACcitation   = "%%CITATION = HEP-EX/0201040;%%"
}

@article{Aranda:1998fr,
      author         = "Aranda, Alfredo and Carone, Christopher D.",
      title          = "{Limits on a light leptophobic gauge boson}",
      journal        = "Phys. Lett.",
      volume         = "B443",
      year           = "1998",
      pages          = "352-358",
      doi            = "10.1016/S0370-2693(98)01309-4",
      eprint         = "hep-ph/9809522",
      archivePrefix  = "arXiv",
      primaryClass   = "hep-ph",
      reportNumber   = "WM-98-113",
      SLACcitation   = "%%CITATION = HEP-PH/9809522;%%"
}

@article{Achasov:2003ir,
      author         = "Achasov, M. N. and others",
      title          = "{Study of the process $e^+ e^- \to \pi^+ \pi^- \pi^0$ in the
                        energy region $\sqrt{s}$ below 0.98 GeV}",
      journal        = "Phys. Rev.",
      volume         = "D68",
      year           = "2003",
      pages          = "052006",
      doi            = "10.1103/PhysRevD.68.052006",
      eprint         = "hep-ex/0305049",
      archivePrefix  = "arXiv",
      primaryClass   = "hep-ex",
      SLACcitation   = "%%CITATION = HEP-EX/0305049;%%"
}

@article{TheBaBar:2017vzo,
      author         = "Lees, J. P. and others",
      title          = "{Measurement of the
                        ${e}^{+}{e}^{{-}}{\rightarrow}{{\pi}}^{+}{{\pi}}^{{-}}{{\pi}}^{0}{{\pi}}^{0}$
                        cross section using initial-state radiation at BaBar}",
      collaboration  = "BaBar",
      journal        = "Phys. Rev.",
      volume         = "D96",
      year           = "2017",
      number         = "9",
      pages          = "092009",
      doi            = "10.1103/PhysRevD.96.092009",
      eprint         = "1709.01171",
      archivePrefix  = "arXiv",
      primaryClass   = "hep-ex",
      reportNumber   = "SLAC-PUB-17147, BABAR-PUB-17-002",
      SLACcitation   = "%%CITATION = ARXIV:1709.01171;%%"
}

@article{Lees:2012cr,
      author         = "Lees, J. P. and others",
      title          = "{Initial-State Radiation Measurement of the $e^+e^- \to
                        \pi^+\pi^-\pi^+\pi^-$ Cross Section}",
      collaboration  = "BaBar",
      journal        = "Phys. Rev.",
      volume         = "D85",
      year           = "2012",
      pages          = "112009",
      doi            = "10.1103/PhysRevD.85.112009",
      eprint         = "1201.5677",
      archivePrefix  = "arXiv",
      primaryClass   = "hep-ex",
      reportNumber   = "SLAC-PUB-14857, BABAR-PUB-11-016",
      SLACcitation   = "%%CITATION = ARXIV:1201.5677;%%"
}

@article{Aubert:2007ym,
      author         = "Aubert, Bernard and others",
      title          = "{Measurements of $e^{+} e^{-} \to K^{+} K^{-} \eta$,
                        $K^{+} K^{-} \pi^0$ and $K^0_{s} K^\pm \pi^\mp$ cross
                        sections using initial state radiation events}",
      collaboration  = "BaBar",
      journal        = "Phys. Rev.",
      volume         = "D77",
      year           = "2008",
      pages          = "092002",
      doi            = "10.1103/PhysRevD.77.092002",
      eprint         = "0710.4451",
      archivePrefix  = "arXiv",
      primaryClass   = "hep-ex",
      reportNumber   = "SLAC-PUB-12968, BABAR-PUB-07-052",
      SLACcitation   = "%%CITATION = ARXIV:0710.4451;%%"
}

@article{Lees:2013gzt,
      author         = "Lees, J. P. and others",
      title          = "{Precision measurement of the $e^+e^- \to K^+K^-(\gamma)$
                        cross section with the initial-state radiation method at
                        BaBar}",
      collaboration  = "BaBar",
      journal        = "Phys. Rev.",
      volume         = "D88",
      year           = "2013",
      number         = "3",
      pages          = "032013",
      doi            = "10.1103/PhysRevD.88.032013",
      eprint         = "1306.3600",
      archivePrefix  = "arXiv",
      primaryClass   = "hep-ex",
      reportNumber   = "BABAR-PUB-13-006, SLAC-PUB-15487",
      SLACcitation   = "%%CITATION = ARXIV:1306.3600;%%"
}

@article{Aubert:2004kj,
      author         = "Aubert, Bernard and others",
      title          = "{Study of $e^+e^- \to \pi^+ \pi^- \pi^0$ process using
                        initial state radiation with BaBar}",
      collaboration  = "BaBar",
      journal        = "Phys. Rev.",
      volume         = "D70",
      year           = "2004",
      pages          = "072004",
      doi            = "10.1103/PhysRevD.70.072004",
      eprint         = "hep-ex/0408078",
      archivePrefix  = "arXiv",
      primaryClass   = "hep-ex",
      reportNumber   = "SLAC-PUB-10624, BABAR-PUB-04-034",
      SLACcitation   = "%%CITATION = HEP-EX/0408078;%%"
}

@article{Lees:2012cj,
      author         = "Lees, J. P. and others",
      title          = "{Precise Measurement of the $e^+ e^- \to \pi^+\pi^-
                        (\gamma)$ Cross Section with the Initial-State Radiation
                        Method at BaBar}",
      collaboration  = "BaBar",
      journal        = "Phys. Rev.",
      volume         = "D86",
      year           = "2012",
      pages          = "032013",
      doi            = "10.1103/PhysRevD.86.032013",
      eprint         = "1205.2228",
      archivePrefix  = "arXiv",
      primaryClass   = "hep-ex",
      reportNumber   = "BABAR-PUB-12-003",
      SLACcitation   = "%%CITATION = ARXIV:1205.2228;%%"
}

@article{Feng:2017uoz,
      author         = "Feng, Jonathan and Galon, Iftah and Kling, Felix and
                        Trojanowski, Sebastian",
      title          = "{FASER: ForwArd Search ExpeRiment at the LHC}",
      year           = "2017",
      eprint         = "1708.09389",
      archivePrefix  = "arXiv",
      primaryClass   = "hep-ph",
      reportNumber   = "UCI-TR-2017-08",
      SLACcitation   = "%%CITATION = ARXIV:1708.09389;%%"
}

@article{Artamonov:2009sz,
      author         = "Artamonov, A. V. and others",
      title          = "{Study of the decay $K^+\to\pi^+\nu \bar\nu$ in the
                        momentum region $140 < P_\pi < 199$ MeV/c}",
      collaboration  = "BNL-E949",
      journal        = "Phys. Rev.",
      volume         = "D79",
      year           = "2009",
      pages          = "092004",
      doi            = "10.1103/PhysRevD.79.092004",
      eprint         = "0903.0030",
      archivePrefix  = "arXiv",
      primaryClass   = "hep-ex",
      reportNumber   = "BNL-81786-2008-JA, FERMILAB-PUB-09-007-CD-T, KEK-2008-44,
                        TRIUMF-TRI-PP-08-26, UHEP-EX-08-004",
      SLACcitation   = "%%CITATION = ARXIV:0903.0030;%%"
}

@article{Adler:2001xv,
      author         = "Adler, S. and others",
      title          = "{Further evidence for the decay $K^+ \to \pi^+ \nu\bar{\nu}$}",
      collaboration  = "E787",
      journal        = "Phys. Rev. Lett.",
      volume         = "88",
      year           = "2002",
      pages          = "041803",
      doi            = "10.1103/PhysRevLett.88.041803",
      eprint         = "hep-ex/0111091",
      archivePrefix  = "arXiv",
      primaryClass   = "hep-ex",
      reportNumber   = "BNL-68713, KEK-PREPRINT-2001-138, PRINCETON-HEP-2001-2,
                        TRIUMF-TRI-PP-01-3, KEK-2001-138",
      SLACcitation   = "%%CITATION = HEP-EX/0111091;%%"
}

@article{Essig:2013vha,
      author         = "Essig, Rouven and Mardon, Jeremy and Papucci, Michele and
                        Volansky, Tomer and Zhong, Yi-Ming",
      title          = "{Constraining Light Dark Matter with Low-Energy $e^+e^-$
                        Colliders}",
      journal        = "JHEP",
      volume         = "11",
      year           = "2013",
      pages          = "167",
      doi            = "10.1007/JHEP11(2013)167",
      eprint         = "1309.5084",
      archivePrefix  = "arXiv",
      primaryClass   = "hep-ph",
      SLACcitation   = "%%CITATION = ARXIV:1309.5084;%%"
}

@article{Davoudiasl:2014kua,
      author         = "Davoudiasl, Hooman and Lee, Hye-Sung and Marciano,
                        William J.",
      title          = "{Muon $g-2$, rare kaon decays, and parity violation
                        from dark bosons}",
      journal        = "Phys. Rev.",
      volume         = "D89",
      year           = "2014",
      number         = "9",
      pages          = "095006",
      doi            = "10.1103/PhysRevD.89.095006",
      eprint         = "1402.3620",
      archivePrefix  = "arXiv",
      primaryClass   = "hep-ph",
      reportNumber   = "JLAB-THY-14-1841",
      SLACcitation   = "%%CITATION = ARXIV:1402.3620;%%"
}

@article{Carlson:1986cu,
      author         = "Carlson, Eric D.",
      title          = "{Limits on a new U(1) coupling}",
      journal        = "Nucl. Phys.",
      volume         = "B286",
      year           = "1987",
      pages          = "378-398",
      doi            = "10.1016/0550-3213(87)90446-9",
      reportNumber   = "HUTP-86/A058",
      SLACcitation   = "%%CITATION = NUPHA,B286,378;%%"
}

@article{Frugiuele:2016rii,
      author         = "Frugiuele, Claudia and Fuchs, Elina and Perez, Gilad and
                        Schlaffer, Matthias",
      title          = "{Constraining New Physics Models with Isotope Shift
                        Spectroscopy}",
      journal        = "Phys. Rev.",
      volume         = "D96",
      year           = "2017",
      number         = "1",
      pages          = "015011",
      doi            = "10.1103/PhysRevD.96.015011",
      eprint         = "1602.04822",
      archivePrefix  = "arXiv",
      primaryClass   = "hep-ph",
      SLACcitation   = "%%CITATION = ARXIV:1602.04822;%%"
}

@article{Bergsma:1985qz,
      author         = "Bergsma, F. and others",
      title          = "{Search for Axion Like Particle Production in 400-{GeV}
                        Proton - Copper Interactions}",
      collaboration  = "CHARM",
      journal        = "Phys. Lett.",
      volume         = "157B",
      year           = "1985",
      pages          = "458-462",
      doi            = "10.1016/0370-2693(85)90400-9",
      reportNumber   = "CERN-EP-85-38",
      SLACcitation   = "%%CITATION = PHLTA,157B,458;%%"
}

@article{Banerjee:2016tad,
      author         = "Banerjee, D. and others",
      title          = "{Search for invisible decays of sub-GeV dark photons in
                        missing-energy events at the CERN SPS}",
      collaboration  = "NA64",
      journal        = "Phys. Rev. Lett.",
      volume         = "118",
      year           = "2017",
      number         = "1",
      pages          = "011802",
      doi            = "10.1103/PhysRevLett.118.011802",
      eprint         = "1610.02988",
      archivePrefix  = "arXiv",
      primaryClass   = "hep-ex",
      SLACcitation   = "%%CITATION = ARXIV:1610.02988;%%"
}

@article{Lees:2017lec,
      author         = "Lees, J. P. and others",
      title          = "{Search for Invisible Decays of a Dark Photon Produced in
                        ${e}^{+}{e}^{-}$ Collisions at BaBar}",
      collaboration  = "BaBar",
      journal        = "Phys. Rev. Lett.",
      volume         = "119",
      year           = "2017",
      number         = "13",
      pages          = "131804",
      doi            = "10.1103/PhysRevLett.119.131804",
      eprint         = "1702.03327",
      archivePrefix  = "arXiv",
      primaryClass   = "hep-ex",
      reportNumber   = "BABAR-PUB-17-001, SLAC-PUB-16923",
      SLACcitation   = "%%CITATION = ARXIV:1702.03327;%%"
}

@article{Feldmann:1999uf,
      author         = "Feldmann, Thorsten",
      title          = "{Quark structure of pseudoscalar mesons}",
      journal        = "Int. J. Mod. Phys.",
      volume         = "A15",
      year           = "2000",
      pages          = "159-207",
      doi            = "10.1142/S0217751X00000082",
      eprint         = "hep-ph/9907491",
      archivePrefix  = "arXiv",
      primaryClass   = "hep-ph",
      reportNumber   = "WUB-99-19",
      SLACcitation   = "%%CITATION = HEP-PH/9907491;%%"
}

@article{Patrignani:2016xqp,
      author         = "Patrignani, C. and others",
      title          = "{Review of Particle Physics}",
      collaboration  = "Particle Data Group",
      journal        = "Chin. Phys.",
      volume         = "C40",
      year           = "2016",
      number         = "10",
      pages          = "100001",
      doi            = "10.1088/1674-1137/40/10/100001",
      SLACcitation   = "%%CITATION = CHPHD,C40,100001;%%"
}


@article{Fujiwara:1984mp,
      author         = "Fujiwara, Takanori and Kugo, Taichiro and Terao, Haruhiko
                        and Uehara, Shozo and Yamawaki, Koichi",
      title          = "{Nonabelian Anomaly and Vector Mesons as Dynamical Gauge
                        Bosons of Hidden Local Symmetries}",
      journal        = "Prog. Theor. Phys.",
      volume         = "73",
      year           = "1985",
      pages          = "926",
      doi            = "10.1143/PTP.73.926",
      reportNumber   = "KUNS-764",
      SLACcitation   = "%%CITATION = PTPKA,73,926;%%"
}


@article{Tulin:2014tya,
      author         = "Tulin, Sean",
      title          = "{New weakly-coupled forces hidden in low-energy QCD}",
      journal        = "Phys. Rev.",
      volume         = "D89",
      year           = "2014",
      number         = "11",
      pages          = "114008",
      doi            = "10.1103/PhysRevD.89.114008",
      eprint         = "1404.4370",
      archivePrefix  = "arXiv",
      primaryClass   = "hep-ph",
      reportNumber   = "MCTP-14-08",
      SLACcitation   = "%%CITATION = ARXIV:1404.4370;%%"
}

@article{Pospelov:2008zw,
      author         = "Pospelov, Maxim",
      title          = "{Secluded U(1) below the weak scale}",
      journal        = "Phys. Rev.",
      volume         = "D80",
      year           = "2009",
      pages          = "095002",
      doi            = "10.1103/PhysRevD.80.095002",
      eprint         = "0811.1030",
      archivePrefix  = "arXiv",
      primaryClass   = "hep-ph",
      SLACcitation   = "%%CITATION = ARXIV:0811.1030;%%"
}

@article{Dror:2017ehi,
      author         = "Dror, Jeff A. and Lasenby, Robert and Pospelov, Maxim",
      title          = "{New constraints on light vectors coupled to anomalous
                        currents}",
      journal        = "Phys. Rev. Lett.",
      volume         = "119",
      year           = "2017",
      number         = "14",
      pages          = "141803",
      doi            = "10.1103/PhysRevLett.119.141803",
      eprint         = "1705.06726",
      archivePrefix  = "arXiv",
      primaryClass   = "hep-ph",
      SLACcitation   = "%%CITATION = ARXIV:1705.06726;%%"
}

@article{Dror:2017nsg,
      author         = "Dror, Jeff A. and Lasenby, Robert and Pospelov, Maxim",
      title          = "{Dark forces coupled to nonconserved currents}",
      journal        = "Phys. Rev.",
      volume         = "D96",
      year           = "2017",
      number         = "7",
      pages          = "075036",
      doi            = "10.1103/PhysRevD.96.075036",
      eprint         = "1707.01503",
      archivePrefix  = "arXiv",
      primaryClass   = "hep-ph",
      SLACcitation   = "%%CITATION = ARXIV:1707.01503;%%"
}

@inproceedings{Essig:2013lka,
      author         = "Essig, Rouven and others",
      title          = "{Working Group Report: New Light Weakly Coupled
                        Particles}",
      booktitle      = "{Proceedings, 2013 Community Summer Study on the Future
                        of U.S. Particle Physics: Snowmass on the Mississippi
                        (CSS2013): Minneapolis, MN, USA, July 29-August 6, 2013}",
      url            = "https://inspirehep.net/record/1263039/files/arXiv:1311.0029.pdf",
      year           = "2013",
      eprint         = "1311.0029",
      archivePrefix  = "arXiv",
      primaryClass   = "hep-ph",
      reportNumber   = "YITP-SB-36",
      SLACcitation   = "%%CITATION = ARXIV:1311.0029;%%"
}
@article{Raggi:2014zpa,
      author         = "Raggi, Mauro and Kozhuharov, Venelin",
      title          = "{Proposal to Search for a Dark Photon in Positron on
                        Target Collisions at DA$\Phi$NE Linac}",
      journal        = "Adv. High Energy Phys.",
      volume         = "2014",
      year           = "2014",
      pages          = "959802",
      doi            = "10.1155/2014/959802",
      eprint         = "1403.3041",
      archivePrefix  = "arXiv",
      primaryClass   = "physics.ins-det",
      reportNumber   = "INFN-14-04-LNF",
      SLACcitation   = "%%CITATION = ARXIV:1403.3041;%%"
}

@article{Battaglieri:2017aum,
      author         = "Battaglieri, Marco and others",
      title          = "{US Cosmic Visions: New Ideas in Dark Matter 2017:
                        Community Report}",
      year           = "2017",
      eprint         = "1707.04591",
      archivePrefix  = "arXiv",
      primaryClass   = "hep-ph",
      reportNumber   = "FERMILAB-CONF-17-282-AE-PPD-T",
      SLACcitation   = "%%CITATION = ARXIV:1707.04591;%%"
}

@article{Alexander:2017rfd,
      author         = "Alexander, Jim",
      title          = "{MMAPS: Missing-Mass A-Prime Search}",
      booktitle      = "{Proceedings, International Symposium Advances in Dark
                        Matter and Particle Physics (ADMPP16): Messina, Italy,
                        October 24-27, 2016}",
      journal        = "EPJ Web Conf.",
      volume         = "142",
      year           = "2017",
      pages          = "01001",
      doi            = "10.1051/epjconf/201714201001",
      SLACcitation   = "%%CITATION = 00776,142,01001;%%"
}

@inproceedings{Alexander:2016aln,
      author         = "Alexander, Jim and others",
      title          = "{Dark Sectors 2016 Workshop: Community Report}",
      url            = "http://inspirehep.net/record/1484628/files/arXiv:1608.08632.pdf",
      year           = "2016",
      eprint         = "1608.08632",
      archivePrefix  = "arXiv",
      primaryClass   = "hep-ph",
      reportNumber   = "FERMILAB-CONF-16-421",
      SLACcitation   = "%%CITATION = ARXIV:1608.08632;%%"
}


@article{Okun:1982xi,
      author         = "Okun, L. B.",
      title          = "{Limits of electrodynamcis: Paraphotons?}",
      journal        = "Sov. Phys. JETP",
      volume         = "56",
      year           = "1982",
      pages          = "502",
      note           = "[Zh.\ Eksp.\ Teor.\ Fiz.\ {\bf 83} (1982) 892]",
      reportNumber   = "ITEP-48-1982",
      SLACcitation   = "%%CITATION = SPHJA,56,502;%%"
}

@article{Galison:1983pa,
      author         = "Galison, Peter and Manohar, Aneesh",
      title          = "{Two $Z$'s or not two $Z$'s?}",
      journal        = "Phys. Lett.",
      volume         = "B136",
      year           = "1984",
      pages          = "279",
      doi            = "10.1016/0370-2693(84)91161-4",
      reportNumber   = "HUTP-83/A059",
      SLACcitation   = "%%CITATION = PHLTA,B136,279;%%"
}

@article{Holdom:1985ag,
      author         = "Holdom, Bob",
      title          = "{Two $U(1)$'s and $\epsilon$ charge shifts}",
      journal        = "Phys. Lett.",
      volume         = "B166",
      year           = "1986",
      pages          = "196",
      doi            = "10.1016/0370-2693(86)91377-8",
      reportNumber   = "UTPT-85-30",
      SLACcitation   = "%%CITATION = PHLTA,B166,196;%%"
}

@article{Pospelov:2007mp,
      author         = "Pospelov, Maxim and Ritz, Adam and Voloshin, Mikhail B.",
      title          = "{Secluded WIMP dark matter}",
      journal        = "Phys. Lett.",
      volume         = "B662",
      year           = "2008",
      pages          = "53-61",
      doi            = "10.1016/j.physletb.2008.02.052",
      eprint         = "0711.4866",
      archivePrefix  = "arXiv",
      primaryClass   = "hep-ph",
      SLACcitation   = "%%CITATION = ARXIV:0711.4866;%%"
}

@article{ArkaniHamed:2008qn,
      author         = "Arkani-Hamed, Nima and Finkbeiner, Douglas P. and
                        Slatyer, Tracy R. and Weiner, Neal",
      title          = "{A theory of dark matter}",
      journal        = "Phys. Rev.",
      volume         = "D79",
      year           = "2009",
      pages          = "015014",
      doi            = "10.1103/PhysRevD.79.015014",
      eprint         = "0810.0713",
      archivePrefix  = "arXiv",
      primaryClass   = "hep-ph",
      SLACcitation   = "%%CITATION = ARXIV:0810.0713;%%"
}


@article{Bjorken:2009mm,
      author         = "Bjorken, James D. and Essig, Rouven and Schuster, Philip
                        and Toro, Natalia",
      title          = "{New fixed-target experiments to search for dark gauge
                        forces}",
      journal        = "Phys. Rev.",
      volume         = "D80",
      year           = "2009",
      pages          = "075018",
      doi            = "10.1103/PhysRevD.80.075018",
      eprint         = "0906.0580",
      archivePrefix  = "arXiv",
      primaryClass   = "hep-ph",
      reportNumber   = "SLAC-PUB-13650, SU-ITP-09-22",
      SLACcitation   = "%%CITATION = ARXIV:0906.0580;%%"
}


@article{Bergsma:1985is,
      author         = "Bergsma, F. and others",
      title          = "{A search for decays of heavy neutrinos in the mass range
                        0.5 GeV to 2.8 GeV}",
      collaboration  = "CHARM",
      journal        = "Phys. Lett.",
      volume         = "B166",
      year           = "1986",
      pages          = "473",
      doi            = "10.1016/0370-2693(86)91601-1",
      reportNumber   = "CERN-EP-85-190",
      SLACcitation   = "%%CITATION = PHLTA,B166,473;%%"
}

@article{Konaka:1986cb,
      author         = "Konaka, A. and others",
      title          = "{Search for neutral particles in electron-beam-dump
                        experiment}",
      booktitle      = "{Proceedings, 23RD International Conference on High
                        Energy Physics, JULY 16-23, 1986, Berkeley, CA}",
      journal        = "Phys. Rev. Lett.",
      volume         = "57",
      year           = "1986",
      pages          = "659",
      doi            = "10.1103/PhysRevLett.57.659",
      reportNumber   = "KEK-Preprint-86-9",
      SLACcitation   = "%%CITATION = PRLTA,57,659;%%"
}

@article{Riordan:1987aw,
      author         = "Riordan, E. M. and others",
      title          = "{Search for short-lived axions in an electron-beam-dump
                        experiment}",
      journal        = "Phys. Rev. Lett.",
      volume         = "59",
      year           = "1987",
      pages          = "755",
      doi            = "10.1103/PhysRevLett.59.755",
      reportNumber   = "SLAC-PUB-4280, UR-993, FERMILAB-PUB-87-251",
      SLACcitation   = "%%CITATION = PRLTA,59,755;%%"
}

@article{Bjorken:1988as,
      author         = "Bjorken, J. D. and Ecklund, S. and Nelson, W. R. and
                        Abashian, A. and Church, C. and Lu, B. and Mo, L. W. and
                        Nunamaker, T. A. and Rassmann, P.",
      title          = "{Search for neutral metastable penetrating particles
                        produced in the SLAC beam dump}",
      journal        = "Phys. Rev.",
      volume         = "D38",
      year           = "1988",
      pages          = "3375",
      doi            = "10.1103/PhysRevD.38.3375",
      reportNumber   = "FERMILAB-PUB-88-044, PRINT-88-0352 (FERMILAB)",
      SLACcitation   = "%%CITATION = PHRVA,D38,3375;%%"
}

@article{Bross:1989mp,
      author         = "Bross, A. and Crisler, M. and Pordes, Stephen H. and
                        Volk, J. and Errede, S. and Wrbanek, J.",
      title          = "{A search for short-lived particles produced in an
                        electron beam dump}",
      journal        = "Phys. Rev. Lett.",
      volume         = "67",
      year           = "1991",
      pages          = "2942-2945",
      doi            = "10.1103/PhysRevLett.67.2942",
      reportNumber   = "FERMILAB-PUB-89-138-E",
      SLACcitation   = "%%CITATION = PRLTA,67,2942;%%"
}

@article{Davier:1989wz,
      author         = "Davier, M. and Nguyen Ngoc, H.",
      title          = "{An unambiguous search for a light Higgs boson}",
      journal        = "Phys. Lett.",
      volume         = "B229",
      year           = "1989",
      pages          = "150",
      doi            = "10.1016/0370-2693(89)90174-3",
      reportNumber   = "LAL 89-24",
      SLACcitation   = "%%CITATION = PHLTA,B229,150;%%"
}

@article{Athanassopoulos:1997er,
      author         = "Athanassopoulos, C. and others",
      title          = "{Evidence for $\nu_{\mu}\to\nu_e$
                        oscillations from pion decay in flight neutrinos}",
      collaboration  = "LSND",
      journal        = "Phys. Rev.",
      volume         = "C58",
      year           = "1998",
      pages          = "2489-2511",
      doi            = "10.1103/PhysRevC.58.2489",
      eprint         = "nucl-ex/9706006",
      archivePrefix  = "arXiv",
      primaryClass   = "nucl-ex",
      reportNumber   = "UCRHEP-E-191, LA-UR-97-1998",
      SLACcitation   = "%%CITATION = NUCL-EX/9706006;%%"
}

@article{Adler:2004hp,
      author         = "Adler, S. and others",
      title          = "{Further search for the decay $K^+\to\pi^+\nu\bar{\nu}$ in
                        the momentum region $p\!<\!195$~MeV/c}",
      collaboration  = "E787",
      journal        = "Phys. Rev.",
      volume         = "D70",
      year           = "2004",
      pages          = "037102",
      doi            = "10.1103/PhysRevD.70.037102",
      eprint         = "hep-ex/0403034",
      archivePrefix  = "arXiv",
      primaryClass   = "hep-ex",
      reportNumber   = "BNL-72163-2004-JA, KEK-PREPRINT-2004-2",
      SLACcitation   = "%%CITATION = HEP-EX/0403034;%%"
}

@article{Artamonov:2009sz,
      author         = "Artamonov, A. V. and others",
      title          = "{Study of the decay $K^+\to\pi^+\nu\bar{\nu}$ in the
                        momentum region $140\!<\!P_{\pi}\!<\!199$~MeV/c}",
      collaboration  = "BNL-E949",
      journal        = "Phys. Rev.",
      volume         = "D79",
      year           = "2009",
      pages          = "092004",
      doi            = "10.1103/PhysRevD.79.092004",
      eprint         = "0903.0030",
      archivePrefix  = "arXiv",
      primaryClass   = "hep-ex",
      reportNumber   = "BNL-81786-2008-JA, FERMILAB-PUB-09-007-CD-T, KEK-2008-44,
                        TRIUMF-TRI-PP-08-26, UHEP-EX-08-004",
      SLACcitation   = "%%CITATION = ARXIV:0903.0030;%%"
}

@article{Essig:2010gu,
      author         = "Essig, Rouven and Harnik, Roni and Kaplan, Jared and
                        Toro, Natalia",
      title          = "{Discovering new light states at neutrino experiments}",
      journal        = "Phys. Rev.",
      volume         = "D82",
      year           = "2010",
      pages          = "113008",
      doi            = "10.1103/PhysRevD.82.113008",
      eprint         = "1008.0636",
      archivePrefix  = "arXiv",
      primaryClass   = "hep-ph",
      reportNumber   = "SLAC-PUB-14197, FERMILAB-PUB-10-274-T",
      SLACcitation   = "%%CITATION = ARXIV:1008.0636;%%"
}

@article{Blumlein:1990ay,
      author         = "Bl{\"u}mlein, J. and others",
      title          = "{Limits on neutral light scalar and pseudoscalar
                        particles in a proton beam dump experiment}",
      journal        = "Z. Phys.",
      volume         = "C51",
      year           = "1991",
      pages          = "341-350",
      doi            = "10.1007/BF01548556",
      reportNumber   = "PHE-90-03",
      SLACcitation   = "%%CITATION = ZEPYA,C51,341;%%"
}

@article{Blumlein:1991xh,
      author         = "Bl{\"u}mlein, J. and others",
      title          = "{Limits on the mass of light (pseudo)scalar particles
                        from Bethe-Heitler $e^+ e^-$ and $\mu^+\mu^-$ pair production in a
                        proton-iron beam dump experiment}",
      journal        = "Int. J. Mod. Phys.",
      volume         = "A7",
      year           = "1992",
      pages          = "3835-3850",
      doi            = "10.1142/S0217751X9200171X",
      reportNumber   = "PHE-91-11",
      SLACcitation   = "%%CITATION = IMPAE,A7,3835;%%"
}

@article{Blumlein:2011mv,
      author         = "Bl{\"u}mlein, Johannes and Brunner, Jurgen",
      title          = "{New exclusion limits for dark gauge forces from
                        beam-dump data}",
      journal        = "Phys. Lett.",
      volume         = "B701",
      year           = "2011",
      pages          = "155-159",
      doi            = "10.1016/j.physletb.2011.05.046",
      eprint         = "1104.2747",
      archivePrefix  = "arXiv",
      primaryClass   = "hep-ex",
      reportNumber   = "DESY-11-062, DO-TH-11-11, SFB-CPP-11-18, LPN-11-17,
                        DESY-11--062, DO--TH-11-11, SFB-CPP--11--18, LPN-11--17",
      SLACcitation   = "%%CITATION = ARXIV:1104.2747;%%"
}

@article{Blumlein:2013cua,
      author         = "Bl{\"u}mlein, Johannes and Brunner, Jürgen",
      title          = "{New exclusion limits on dark gauge forces from proton
                        bremsstrahlung in beam-dump data}",
      journal        = "Phys. Lett.",
      volume         = "B731",
      year           = "2014",
      pages          = "320-326",
      doi            = "10.1016/j.physletb.2014.02.029",
      eprint         = "1311.3870",
      archivePrefix  = "arXiv",
      primaryClass   = "hep-ph",
      reportNumber   = "DESY-13-202, DO-TH-13-29, SFB-CPP-13-87, LPN-13-087",
      SLACcitation   = "%%CITATION = ARXIV:1311.3870;%%"
}

@article{Ilten:2015hya,
      author         = "Ilten, Philip and Thaler, Jesse and Williams, Mike and
                        Xue, Wei",
      title          = "{Dark photons from charm mesons at LHCb}",
      journal        = "Phys. Rev.",
      volume         = "D92",
      year           = "2015",
      pages          = "115017",
      doi            = "10.1103/PhysRevD.92.115017",
      eprint         = "1509.06765",
      archivePrefix  = "arXiv",
      primaryClass   = "hep-ph",
      reportNumber   = "MIT-CTP-4702",
      SLACcitation   = "%%CITATION = ARXIV:1509.06765;%%"
}


@article{Abrahamyan:2011gv,
      author         = "Abrahamyan, S. and others",
      title          = "{Search for a new gauge boson in electron-nucleus
                        fixed-target scattering by the APEX experiment}",
      collaboration  = "APEX",
      journal        = "Phys. Rev. Lett.",
      volume         = "107",
      pages          = "191804",
      doi            = "10.1103/PhysRevLett.107.191804",
      year           = "2011",
      eprint         = "1108.2750",
      archivePrefix  = "arXiv",
      primaryClass   = "hep-ex",
      reportNumber   = "JLAB-PHY-11-1406, SLAC-PUB-14491,
                        JLAB-PHY-11-1406---SLAC-PUB-14491,
                        JLAB-PHY-11-1406---SLAC-PUB-14491",
      SLACcitation   = "%%CITATION = ARXIV:1108.2750;%%",
}

@article{Freytsis:2009bh,
	Archiveprefix = {arXiv},
	Author = {Freytsis, Marat and Ovanesyan, Grigory and Thaler, Jesse},
	Doi = {10.1007/JHEP01(2010)111},
	Eprint = {0909.2862},
	Journal = {JHEP},
	Pages = {111},
	Primaryclass = {hep-ph},
	Slaccitation = {%%CITATION = ARXIV:0909.2862;%%},
	Title = {{Dark force detection in low energy $ep$ collisions}},
	Volume = {01},
	Year = {2010},
	Bdsk-Url-1 = {http://dx.doi.org/10.1007/JHEP01(2010)111}}

@article{Wojtsekhowski:2012zq,
	Archiveprefix = {arXiv},
	Author = {Wojtsekhowski, B. and Nikolenko, D. and Rachek, I.},
	Eprint = {1207.5089},
	Primaryclass = {hep-ex},
	Reportnumber = {JLAB-PHY-12-1597, DOE-OR-23177-2213},
	Slaccitation = {%%CITATION = ARXIV:1207.5089;%%},
	Title = {{Searching for a new force at VEPP-3}},
	Year = {2012}}

@article{Beranek:2013yqa,
	Archiveprefix = {arXiv},
	Author = {Beranek, T. and Merkel, H. and Vanderhaeghen, M.},
	Doi = {10.1103/PhysRevD.88.015032},
	Eprint = {1303.2540},
	Journal = {Phys. Rev.},
	Pages = {015032},
	Primaryclass = {hep-ph},
	Slaccitation = {%%CITATION = ARXIV:1303.2540;%%},
	Title = {{Theoretical framework to analyze searches for hidden light gauge bosons in electron scattering fixed target experiments}},
	Volume = {D88},
	Year = {2013},
	Bdsk-Url-1 = {http://dx.doi.org/10.1103/PhysRevD.88.015032}}

@article{Balewski:2013oza,
	Archiveprefix = {arXiv},
	Author = {Balewski, J. and others},
	Eprint = {1307.4432},
	Reportnumber = {JLAB-FEL-13-1743},
	Slaccitation = {%%CITATION = ARXIV:1307.4432;%%},
	Title = {{DarkLight: A search for dark forces at the Jefferson Laboratory Free-Electron Laser facility}},
	Year = {2013}}

@article{Echenard:2014lma,
	author         = "Echenard, Bertrand and Essig, Rouven and Zhong, Yi-Ming",
	title          = "{Projections for dark photon searches at Mu3e}",
	journal        = "JHEP",
	volume         = "01",
	year           = "2015",
	pages          = "113",
	doi            = "10.1007/JHEP01(2015)113",
	eprint         = "1411.1770",
	archivePrefix  = "arXiv",
	primaryClass   = "hep-ph",
	reportNumber   = "YITP-SB-14-36",
	SLACcitation   = "%%CITATION = ARXIV:1411.1770;%%"
}


@article{Gardner:2015wea,
      author         = "Gardner, S. and Holt, R. J. and Tadepalli, A. S.",
      title          = "{New prospects in fixed target searches for dark forces
                        with the SeaQuest experiment at Fermilab}",
      journal        = "Phys. Rev.",
      volume         = "D93",
      year           = "2016",
      pages          = "115015",
      doi            = "10.1103/PhysRevD.93.115015",
      eprint         = "1509.00050",
      archivePrefix  = "arXiv",
      primaryClass   = "hep-ph",
      SLACcitation   = "%%CITATION = ARXIV:1509.00050;%%"
}


@article{Curtin:2014cca,
      author         = "Curtin, David and Essig, Rouven and Gori, Stefania and
                        Shelton, Jessie",
      title          = "{Illuminating dark photons with high-energy colliders}",
      journal        = "JHEP",
      volume         = "02",
      year           = "2015",
      pages          = "157",
      doi            = "10.1007/JHEP02(2015)157",
      eprint         = "1412.0018",
      archivePrefix  = "arXiv",
      primaryClass   = "hep-ph",
      reportNumber   = "YITP-SB-14-49",
      SLACcitation   = "%%CITATION = ARXIV:1412.0018;%%"
}


@article{Moreno:2013mja,
	Archiveprefix = {arXiv},
	Author = {Moreno, Omar},
	Eprint = {1310.2060},
	Primaryclass = {physics.ins-det},
	Slaccitation = {%%CITATION = ARXIV:1310.2060;%%},
	Title = {{The Heavy Photon Search Experiment at Jefferson Lab}},
	Year = {2013}}

@article{Alekhin:2015byh,
      author         = "Alekhin, Sergey and others",
      title          = "{A facility to Search for Hidden Particles at the CERN
                        SPS: the SHiP physics case}",
      year           = "2015",
      eprint         = "1504.04855",
      archivePrefix  = "arXiv",
      primaryClass   = "hep-ph",
      reportNumber   = "CERN-SPSC-2015-017",
      SLACcitation   = "%%CITATION = ARXIV:1504.04855;%%"
}


@article{Essig:2010xa,
	Archiveprefix = {arXiv},
	Author = {Essig, Rouven and Schuster, Philip and Toro, Natalia and Wojtsekhowski, Bogdan},
	Doi = {10.1007/JHEP02(2011)009},
	Eprint = {1001.2557},
	Journal = {JHEP},
	Pages = {009},
	Primaryclass = {hep-ph},
	Reportnumber = {SLAC-PUB-13882, SU-ITP-10-01},
	Slaccitation = {%%CITATION = ARXIV:1001.2557;%%},
	Title = {{An electron fixed target experiment to search for a new vector boson \aprime decaying to $e^+e^-$}},
	Volume = {02},
	Year = {2011},
	Bdsk-Url-1 = {http://dx.doi.org/10.1007/JHEP02(2011)009}}

@article{Bernardi:1985ny,
      author         = "Bernardi, G. and others",
      title          = "{Search for neutrino decay}",
      journal        = "Phys. Lett.",
      volume         = "B166",
      pages          = "479",
      doi            = "10.1016/0370-2693(86)91602-3",
      year           = "1986",
      reportNumber   = "CERN-EP/85-177",
      SLACcitation   = "%%CITATION = PHLTA,B166,479;%%",
}

@article{MeijerDrees:1992kd,
      author         = "Meijer Drees, R. and others",
      title          = "{Search for weakly interacting neutral bosons produced in
                        $\pi^- p$ interactions at rest and decaying into $e^+ e^-$
                        pairs}",
      collaboration  = "SINDRUM I",
      journal        = "Phys. Rev. Lett.",
      volume         = "68",
      pages          = "3845-3848",
      doi            = "10.1103/PhysRevLett.68.3845",
      year           = "1992",
      SLACcitation   = "%%CITATION = PRLTA,68,3845;%%",
}

@article{Astier:2001ck,
      author         = "Astier, P. and others",
      title          = "{Search for heavy neutrinos mixing with tau neutrinos}",
      collaboration  = "NOMAD",
      journal        = "Phys. Lett.",
      volume         = "B506",
      pages          = "27-38",
      doi            = "10.1016/S0370-2693(01)00362-8",
      year           = "2001",
      eprint         = "hep-ex/0101041",
      archivePrefix  = "arXiv",
      primaryClass   = "hep-ex",
      reportNumber   = "CERN-EP-2001-005",
      SLACcitation   = "%%CITATION = HEP-EX/0101041;%%",
}

@article{Gninenko:2012eq,
      author         = "Gninenko, S.N.",
      title          = "{Constraints on sub-GeV hidden sector gauge bosons from a
                        search for heavy neutrino decays}",
      journal        = "Phys. Lett.",
      volume         = "B713",
      pages          = "244-248",
      doi            = "10.1016/j.physletb.2012.06.002",
      year           = "2012",
      eprint         = "1204.3583",
      archivePrefix  = "arXiv",
      primaryClass   = "hep-ph",
      SLACcitation   = "%%CITATION = ARXIV:1204.3583;%%",

}

@article{Gninenko:2011uv,
      author         = "Gninenko, S.N.",
      title          = "{Stringent limits on the $\pi^0 \to \gamma X, X \to e^+e^-$ decay from neutrino experiments and constraints on
                        new light gauge bosons}",
      journal        = "Phys. Rev.",
      volume         = "D85",
      pages          = "055027",
      year           = "2012",
      doi            = "10.1103/PhysRevD.85.055027",
      eprint         = "1112.5438",
      archivePrefix  = "arXiv",
      primaryClass   = "hep-ph",
      SLACcitation   = "%%CITATION = ARXIV:1112.5438;%%",
}

@article{Archilli:2011zc,
      author         = "Archilli, F. and others",
      title          = "{Search for a vector gauge boson in $\phi$ meson decays with
                        the KLOE detector}",
      collaboration  = "KLOE-2",
      journal        = "Phys. Lett.",
      volume         = "B706",
      year           = "2012",
      pages          = "251-255",
      doi            = "10.1016/j.physletb.2011.11.033",
      eprint         = "1110.0411",
      archivePrefix  = "arXiv",
      primaryClass   = "hep-ex",
      SLACcitation   = "%%CITATION = ARXIV:1110.0411;%%"
}


@article{KLOE:2016lwm,
      author         = "Anastasi, A. and others",
      title          = "{Limit on the production of a new vector boson in
                        $e^+ e^-\rightarrow U\gamma$, U$\rightarrow
                        \pi^+\pi^-$ with the KLOE experiment}",
      collaboration  = "KLOE-2",
      journal        = "Phys. Lett.",
      volume         = "B757",
      year           = "2016",
      pages          = "356-361",
      doi            = "10.1016/j.physletb.2016.04.019",
      eprint         = "1603.06086",
      archivePrefix  = "arXiv",
      primaryClass   = "hep-ex",
      SLACcitation   = "%%CITATION = ARXIV:1603.06086;%%"
}

@article{Babusci:2012cr,
      author         = "Babusci, D. and others",
      title          = "{Limit on the production of a light vector gauge boson in
                        $\phi$ meson decays with the KLOE detector}",
      collaboration  = "KLOE-2",
      journal        = "Phys. Lett.",
      volume         = "B720",
      pages          = "111-115",
      doi            = "10.1016/j.physletb.2013.01.067",
      year           = "2013",
      eprint         = "1210.3927",
      archivePrefix  = "arXiv",
      primaryClass   = "hep-ex",
      SLACcitation   = "%%CITATION = ARXIV:1210.3927;%%",
}

@article{Adlarson:2013eza,
      author         = "Adlarson, P. and others",
      title          = "{Search for a dark photon in the $\pi^0 \to e^+e^-\gamma$ decay}",
      collaboration  = "WASA-at-COSY",
      journal        = "Phys. Lett.",
      volume         = "B726",
      pages          = "187-193",
      doi            = "10.1016/j.physletb.2013.08.055",
      year           = "2013",
      eprint         = "1304.0671",
      archivePrefix  = "arXiv",
      primaryClass   = "hep-ex",
      SLACcitation   = "%%CITATION = ARXIV:1304.0671;%%",
}

@article{Agakishiev:2013fwl,
      author         = "Agakishiev, G. and others",
      title          = "{Searching for a dark photon with HADES}",
      collaboration  = "HADES",
      journal        = "Phys. Lett.",
      volume         = "B731",
      pages          = "265-271",
      doi            = "10.1016/j.physletb.2014.02.035",
      year           = "2014",
      eprint         = "1311.0216",
      archivePrefix  = "arXiv",
      primaryClass   = "hep-ex",
      SLACcitation   = "%%CITATION = ARXIV:1311.0216;%%",
}


@article{Batley:2015lha,
      author         = "Batley, J. R. and others",
      title          = "{Search for the dark photon in $\pi^0$ decays}",
      collaboration  = "NA48/2",
      journal        = "Phys. Lett.",
      volume         = "B746",
      year           = "2015",
      pages          = "178-185",
      doi            = "10.1016/j.physletb.2015.04.068",
      eprint         = "1504.00607",
      archivePrefix  = "arXiv",
      primaryClass   = "hep-ex",
      reportNumber   = "CERN-PH-EP-2015-093",
      SLACcitation   = "%%CITATION = ARXIV:1504.00607;%%"
}

@article{Adare:2014mgk,
      author         = "Adare, A. and others",
      title          = "{Search for dark photons from neutral meson decays in $pp$ and $d$Au collisions at $\sqrt{s_{NN}} =$ 200
                        GeV}",
      collaboration  = "PHENIX",
      journal        = "Phys. Rev.",
      volume         = "C91",
      pages          = "031901",
      doi            = "10.1103/PhysRevC.91.031901",
      year           = "2015",
      eprint         = "1409.0851",
      archivePrefix  = "arXiv",
      primaryClass   = "nucl-ex",
      SLACcitation   = "%%CITATION = ARXIV:1409.0851;%%",
}

@article{Aubert:2009cp,
      author         = "Aubert, Bernard and others",
      title          = "{Search for dimuon decays of a light scalar boson in
                        radiative transitions $\Upsilon\!\to\!\gamma A^0$}",
      collaboration  = "BaBar",
      journal        = "Phys. Rev. Lett.",
      volume         = "103",
      year           = "2009",
      pages          = "081803",
      doi            = "10.1103/PhysRevLett.103.081803",
      eprint         = "0905.4539",
      archivePrefix  = "arXiv",
      primaryClass   = "hep-ex",
      reportNumber   = "BABAR-PUB-09-015, SLAC-PUB-13653",
      SLACcitation   = "%%CITATION = ARXIV:0905.4539;%%"
}

@article{Battaglieri:2014hga,
      author         = "Battaglieri, M. and others",
      title          = "{The Heavy Photon Search test detector}",
      journal        = "Nucl. Instrum. Meth.",
      volume         = "A777",
      year           = "2015",
      pages          = "91-101",
      doi            = "10.1016/j.nima.2014.12.017",
      eprint         = "1406.6115",
      archivePrefix  = "arXiv",
      primaryClass   = "physics.ins-det",
      reportNumber   = "SLAC-PUB-15999, JLAB-PHY-14-1994",
      SLACcitation   = "%%CITATION = ARXIV:1406.6115;%%"
}

@article{Curtin:2013fra,
      author         = "Curtin, David and others",
      title          = "{Exotic decays of the 125 GeV Higgs boson}",
      journal        = "Phys. Rev.",
      volume         = "D90",
      year           = "2014",
      pages          = "075004",
      doi            = "10.1103/PhysRevD.90.075004",
      eprint         = "1312.4992",
      archivePrefix  = "arXiv",
      primaryClass   = "hep-ph",
      reportNumber   = "YITP-13-47, PITT-PACC-1314",
      SLACcitation   = "%%CITATION = ARXIV:1312.4992;%%"
}


@article{Lees:2014xha,
      author         = "Lees, J. P. and others",
      title          = "{Search for a dark photon in $e^+e^-$ collisions at
                        BaBar}",
      collaboration  = "BaBar",
      journal        = "Phys. Rev. Lett.",
      volume         = "113",
      year           = "2014",
      pages          = "201801",
      doi            = "10.1103/PhysRevLett.113.201801",
      eprint         = "1406.2980",
      archivePrefix  = "arXiv",
      primaryClass   = "hep-ex",
      reportNumber   = "BABAR-PUB-14-002, SLAC-PUB-15979",
      SLACcitation   = "%%CITATION = ARXIV:1406.2980;%%"
}

@article{TheBelle:2015mwa,
      author         = "Jaegle, I.",
      title          = "{Search for the dark photon and the dark Higgs boson at
                        Belle}",
      collaboration  = "Belle",
      journal        = "Phys. Rev. Lett.",
      volume         = "114",
      year           = "2015",
      number         = "21",
      pages          = "211801",
      doi            = "10.1103/PhysRevLett.114.211801",
      eprint         = "1502.00084",
      archivePrefix  = "arXiv",
      primaryClass   = "hep-ex",
      reportNumber   = "Belle-Preprint-2014-20, KEK-Preprint-2014-36",
      SLACcitation   = "%%CITATION = ARXIV:1502.00084;%%"
}

@article{Freytsis:2009ct,
      author         = "Freytsis, Marat and Ligeti, Zoltan and Thaler, Jesse",
      title          = "{Constraining the Axion Portal with B ---> K l+ l-}",
      journal        = "Phys. Rev.",
      volume         = "D81",
      year           = "2010",
      pages          = "034001",
      doi            = "10.1103/PhysRevD.81.034001",
      eprint         = "0911.5355",
      archivePrefix  = "arXiv",
      primaryClass   = "hep-ph",
      SLACcitation   = "%%CITATION = ARXIV:0911.5355;%%"
}

@article{Aaij:2015tna,
      author         = "Aaij, Roel and others",
      title          = "{Search for hidden-sector bosons in $B^0 \!\to
                        K^{*0}\mu^+\mu^-$ decays}",
      collaboration  = "LHCb",
      journal        = "Phys. Rev. Lett.",
      volume         = "115",
      year           = "2015",
      number         = "16",
      pages          = "161802",
      doi            = "10.1103/PhysRevLett.115.161802",
      eprint         = "1508.04094",
      archivePrefix  = "arXiv",
      primaryClass   = "hep-ex",
      reportNumber   = "CERN-PH-EP-2015-202, LHCB-PAPER-2015-036",
      SLACcitation   = "%%CITATION = ARXIV:1508.04094;%%"
}


@article{Merkel:2014avp,
      author         = "Merkel, H. and others",
      collaboration  = "A1",
      title          = "{Search at the Mainz Microtron for light massive gauge
                        bosons relevant for the muon g-2 anomaly}",
      journal        = "Phys. Rev. Lett.",
      volume         = "112",
      year           = "2014",
      pages          = "221802",
      doi            = "10.1103/PhysRevLett.112.221802",
      eprint         = "1404.5502",
      archivePrefix  = "arXiv",
      primaryClass   = "hep-ex",
      SLACcitation   = "%%CITATION = ARXIV:1404.5502;%%"
}

@article{Merkel:2011ze,
      author         = "Merkel, H. and others",
      title          = "{Search for light gauge bosons of the dark sector at the
                        Mainz Microtron}",
      collaboration  = "A1",
      journal        = "Phys. Rev. Lett.",
      volume         = "106",
      year           = "2011",
      pages          = "251802",
      doi            = "10.1103/PhysRevLett.106.251802",
      eprint         = "1101.4091",
      archivePrefix  = "arXiv",
      primaryClass   = "nucl-ex",
      SLACcitation   = "%%CITATION = ARXIV:1101.4091;%%"
}


@article{Ablikim:2017aab,
      author         = "Ablikim, M. and others",
      title          = "{Dark photon search in the mass range between 1.5 and 3.4
                        GeV/$c^2$}",
      collaboration  = "BESIII",
      year           = "2017",
      eprint         = "1705.04265",
      archivePrefix  = "arXiv",
      primaryClass   = "hep-ex",
      SLACcitation   = "%%CITATION = ARXIV:1705.04265;%%"
}

@article{Kozaczuk:2017per,
      author         = "Kozaczuk, Jonathan",
      title          = "{Dark photons from nuclear transitions}",
      year           = "2017",
      eprint         = "1708.06349",
      archivePrefix  = "arXiv",
      primaryClass   = "hep-ph",
      reportNumber   = "ACFI-T17-19",
      SLACcitation   = "%%CITATION = ARXIV:1708.06349;%%"
}

@article{Acciarri:1997im,
      author         = "Acciarri, M. and others",
      title          = "{Search for new physics in energetic single photon
                        production in $e^{+} e^{-}$ annihilation at the $Z$
                        resonance}",
      collaboration  = "L3",
      journal        = "Phys. Lett.",
      volume         = "B412",
      year           = "1997",
      pages          = "201-209",
      doi            = "10.1016/S0370-2693(97)01003-4",
      reportNumber   = "CERN-PPE-97-082, CERN-PPE-97-82",
      SLACcitation   = "%%CITATION = PHLTA,B412,201;%%"
}

@article{Aaij:2015tna,
      author         = "Aaij, Roel and others",
      title          = "{Search for hidden-sector bosons in $B^0 \!\to
                        K^{*0}\mu^+\mu^-$ decays}",
      collaboration  = "LHCb",
      journal        = "Phys. Rev. Lett.",
      volume         = "115",
      year           = "2015",
      number         = "16",
      pages          = "161802",
      doi            = "10.1103/PhysRevLett.115.161802",
      eprint         = "1508.04094",
      archivePrefix  = "arXiv",
      primaryClass   = "hep-ex",
      reportNumber   = "CERN-PH-EP-2015-202, LHCB-PAPER-2015-036",
      SLACcitation   = "%%CITATION = ARXIV:1508.04094;%%"
}

@article{Artamonov:2008qb,
      author         = "Artamonov, A. V. and others",
      title          = "{New measurement of the $K^{+} \to \pi^{+} \nu \bar{\nu}$
                        branching ratio}",
      collaboration  = "E949",
      journal        = "Phys. Rev. Lett.",
      volume         = "101",
      year           = "2008",
      pages          = "191802",
      doi            = "10.1103/PhysRevLett.101.191802",
      eprint         = "0808.2459",
      archivePrefix  = "arXiv",
      primaryClass   = "hep-ex",
      reportNumber   = "BNL-81421-2008-JA, FERMILAB-PUB-08-301-CD-E, KEK-2008-25,
                        TRIUMF-TRI-PP-08-04, TUHEP-EX-08-03,
                        --TRIUMF-TRI-PP-08-04",
      SLACcitation   = "%%CITATION = ARXIV:0808.2459;%%"
}

@article{AlaviHarati:2003mr,
      author         = "Alavi-Harati, A. and others",
      title          = "{Search for the rare decay $K_L \to \pi^0 e^+ e^-$}",
      collaboration  = "KTeV",
      journal        = "Phys. Rev. Lett.",
      volume         = "93",
      year           = "2004",
      pages          = "021805",
      doi            = "10.1103/PhysRevLett.93.021805",
      eprint         = "hep-ex/0309072",
      archivePrefix  = "arXiv",
      primaryClass   = "hep-ex",
      reportNumber   = "FERMILAB-PUB-03-446-E",
      SLACcitation   = "%%CITATION = HEP-EX/0309072;%%"
}

@article{Aaij:2016qsm,
      author         = "Aaij, R. and others",
      title          = "{Search for long-lived scalar particles in $B^+ \to K^+
                        \chi (\mu^+\mu^-)$ decays}",
      collaboration  = "LHCb",
      journal        = "Phys. Rev.",
      volume         = "D95",
      year           = "2017",
      number         = "7",
      pages          = "071101",
      doi            = "10.1103/PhysRevD.95.071101",
      eprint         = "1612.07818",
      archivePrefix  = "arXiv",
      primaryClass   = "hep-ex",
      reportNumber   = "CERN-EP-2016-302, LHCB-PAPER-2016-052",
      SLACcitation   = "%%CITATION = ARXIV:1612.07818;%%"
}

@article{Grygier:2017tzo,
      author         = "Grygier, J. and others",
      title          = "{Search for $B\to h\nu\bar{\nu}$ decays with
                        semileptonic tagging at Belle}",
      collaboration  = "Belle",
      journal        = "Phys. Rev.",
      volume         = "D96",
      year           = "2017",
      number         = "9",
      pages          = "091101",
      doi            = "10.1103/PhysRevD.96.091101",
      eprint         = "1702.03224",
      archivePrefix  = "arXiv",
      primaryClass   = "hep-ex",
      SLACcitation   = "%%CITATION = ARXIV:1702.03224;%%"
}

@article{Abreu:1996pa,
      author         = "Abreu, P. and others",
      title          = "{Search for neutral heavy leptons produced in Z decays}",
      collaboration  = "DELPHI",
      journal        = "Z. Phys.",
      volume         = "C74",
      year           = "1997",
      pages          = "57-71",
      doi            = "10.1007/s002880050370",
      note           = "[Erratum: Z. Phys.C75,580(1997)]",
      reportNumber   = "CERN-PPE-96-195",
      SLACcitation   = "%%CITATION = ZEPYA,C74,57;%%"
}

@article{Prakhov:2008zz,
      author         = "Prakhov, S. and others",
      title          = "{Measurement of the invariant-mass spectrum for the two
                        photons from the $\eta \to \pi^0 \gamma \gamma$ decay}",
      journal        = "Phys. Rev.",
      volume         = "C78",
      year           = "2008",
      pages          = "015206",
      doi            = "10.1103/PhysRevC.78.015206",
      SLACcitation   = "%%CITATION = PHRVA,C78,015206;%%"
}

@article{Albrecht:1986ec,
      author         = "Albrecht, H. and others",
      title          = "{An Upper Limit for Two Jet Production in Direct
                        $\Upsilon$ (1s) Decays}",
      collaboration  = "ARGUS",
      journal        = "Z. Phys.",
      volume         = "C31",
      year           = "1986",
      pages          = "181",
      doi            = "10.1007/BF01479524",
      reportNumber   = "DESY-86-002",
      SLACcitation   = "%%CITATION = ZEPYA,C31,181;%%"
}

@article{Endo:2012hp,
      author         = "Endo, Motoi and Hamaguchi, Koichi and Mishima, Go",
      title          = "{Constraints on Hidden Photon Models from Electron g-2
                        and Hydrogen Spectroscopy}",
      journal        = "Phys. Rev.",
      volume         = "D86",
      year           = "2012",
      pages          = "095029",
      doi            = "10.1103/PhysRevD.86.095029",
      eprint         = "1209.2558",
      archivePrefix  = "arXiv",
      primaryClass   = "hep-ph",
      reportNumber   = "UT-12-31, IPMU12-172",
      SLACcitation   = "%%CITATION = ARXIV:1209.2558;%%"
}

@article{He:2017ord,
      author         = "He, Min and He, Xiao-Gang and Huang, Cheng-Kai",
      title          = "{Dark photon search at a circular $e^+e^-$ collider}",
      journal        = "Int. J. Mod. Phys.",
      volume         = "A32",
      year           = "2017",
      pages          = "1750138",
      doi            = "10.1142/S0217751X1750138X",
      eprint         = "1701.08614",
      archivePrefix  = "arXiv",
      primaryClass   = "hep-ph",
      reportNumber   = "NCTS-PY1706",
      SLACcitation   = "%%CITATION = ARXIV:1701.08614;%%"
}


@article{Ilten:2016tkc,
      author         = "Ilten, Philip and Soreq, Yotam and Thaler, Jesse and
                        Williams, Mike and Xue, Wei",
      title          = "{Proposed inclusive dark photon search at LHCb}",
      journal        = "Phys. Rev. Lett.",
      volume         = "116",
      year           = "2016",
      pages          = "251803",
      doi            = "10.1103/PhysRevLett.116.251803",
      eprint         = "1603.08926",
      archivePrefix  = "arXiv",
      primaryClass   = "hep-ph",
      reportNumber   = "MIT-CTP-4785",
      SLACcitation   = "%%CITATION = ARXIV:1603.08926;%%"
}

@article{Aaij:2017rft,
      author         = "Aaij, Roel and others",
      title          = "{Search for dark photons produced in 13 TeV $pp$
                        collisions}",
      collaboration  = "LHCb",
      year           = "2017",
      eprint         = "1710.02867",
      archivePrefix  = "arXiv",
      primaryClass   = "hep-ex",
      reportNumber   = "LHCB-PAPER-2017-038, CERN-EP-2017-248",
      SLACcitation   = "%%CITATION = ARXIV:1710.02867;%%"
}


@article{Anastasi:2015qla,
author         = "Anastasi, A. and others",
title          = "{Limit on the production of a low-mass vector boson in
                  $\mathrm{e}^{+}\mathrm{e}^{-} \to \mathrm{U}\gamma$,
                  $\mathrm{U} \to \mathrm{e}^{+}\mathrm{e}^{-}$ with the
                  KLOE experiment}",
journal        = "Phys. Lett.",
volume         = "B750",
year           = "2015",
pages          = "633-637",
doi            = "10.1016/j.physletb.2015.10.003",
eprint         = "1509.00740",
archivePrefix  = "arXiv",
primaryClass   = "hep-ex",
SLACcitation   = "%%CITATION = ARXIV:1509.00740;%%"
}
