%% This BibTeX bibliography file was created using BibDesk.
%% http://bibdesk.sourceforge.net/

%% Created for Noah Steinberg at 2020-08-11 14:00:28 -0400 


%% Saved with string encoding Unicode (UTF-8) 



@article{Aaltonen:2013mfa,
	Archiveprefix = {arXiv},
	Author = {Aaltonen, Timo Antero and others},
	Collaboration = {CDF},
	Date-Added = {2020-08-11 13:58:14 -0400},
	Date-Modified = {2020-08-11 13:58:14 -0400},
	Doi = {10.1103/PhysRevLett.112.111803},
	Eprint = {1311.3282},
	Journal = {Phys. Rev. Lett.},
	Pages = {111803},
	Primaryclass = {hep-ex},
	Reportnumber = {FERMILAB-PUB-13-509-E},
	Title = {{First Search for Exotic Z Boson Decays into Photons and Neutral Pions in Hadron Collisions}},
	Volume = {112},
	Year = {2014},
	Bdsk-Url-1 = {https://doi.org/10.1103/PhysRevLett.112.111803}}

@article{Draper:2012xt,
	Archiveprefix = {arXiv},
	Author = {Draper, Patrick and McKeen, David},
	Date-Added = {2020-08-06 12:10:31 -0400},
	Date-Modified = {2020-08-06 12:10:31 -0400},
	Doi = {10.1103/PhysRevD.85.115023},
	Eprint = {1204.1061},
	Journal = {Phys. Rev. D},
	Pages = {115023},
	Primaryclass = {hep-ph},
	Reportnumber = {SCIPP-12-04},
	Title = {{Diphotons from Tetraphotons in the Decay of a 125 GeV Higgs at the LHC}},
	Volume = {85},
	Year = {2012},
	Bdsk-Url-1 = {https://doi.org/10.1103/PhysRevD.85.115023}}

@article{Dobrescu:2000jt,
	Archiveprefix = {arXiv},
	Author = {Dobrescu, Bogdan A. and Landsberg, Greg L. and Matchev, Konstantin T.},
	Date-Added = {2020-08-06 12:06:25 -0400},
	Date-Modified = {2020-08-06 12:06:25 -0400},
	Doi = {10.1103/PhysRevD.63.075003},
	Eprint = {hep-ph/0005308},
	Journal = {Phys. Rev. D},
	Pages = {075003},
	Reportnumber = {FERMILAB-PUB-99-324-T},
	Title = {{Higgs boson decays to CP odd scalars at the Tevatron and beyond}},
	Volume = {63},
	Year = {2001},
	Bdsk-Url-1 = {https://doi.org/10.1103/PhysRevD.63.075003}}

@article{Curtin:2013fra,
	Archiveprefix = {arXiv},
	Author = {Curtin, David and others},
	Date-Added = {2020-08-06 12:03:09 -0400},
	Date-Modified = {2020-08-06 12:03:09 -0400},
	Doi = {10.1103/PhysRevD.90.075004},
	Eprint = {1312.4992},
	Journal = {Phys. Rev. D},
	Number = {7},
	Pages = {075004},
	Primaryclass = {hep-ph},
	Reportnumber = {YITP-13-47, PITT-PACC-1314},
	Title = {{Exotic decays of the 125 GeV Higgs boson}},
	Volume = {90},
	Year = {2014},
	Bdsk-Url-1 = {https://doi.org/10.1103/PhysRevD.90.075004}}

@article{Csaki:2020zqz,
	Archiveprefix = {arXiv},
	Author = {Csaki, Csaba and D'Agnolo, Raffaele Tito and Geller, Michael and Ismail, Ameen},
	Date-Added = {2020-08-04 15:57:39 -0400},
	Date-Modified = {2020-08-04 15:57:39 -0400},
	Eprint = {2007.14396},
	Month = {7},
	Primaryclass = {hep-ph},
	Title = {{Crunching Dilaton, Hidden Naturalness}},
	Year = {2020}}

@article{Lopez-Val:2014jva,
	Archiveprefix = {arXiv},
	Author = {L{\'o}pez-Val, D. and Robens, T.},
	Date-Added = {2020-08-04 15:53:29 -0400},
	Date-Modified = {2020-08-04 15:53:29 -0400},
	Doi = {10.1103/PhysRevD.90.114018},
	Eprint = {1406.1043},
	Journal = {Phys. Rev. D},
	Pages = {114018},
	Primaryclass = {hep-ph},
	Title = {{$\Delta$r and the W-boson mass in the singlet extension of the standard model}},
	Volume = {90},
	Year = {2014},
	Bdsk-Url-1 = {https://doi.org/10.1103/PhysRevD.90.114018}}

@article{Robens:2019kga,
	Archiveprefix = {arXiv},
	Author = {Robens, Tania and Stefaniak, Tim and Wittbrodt, Jonas},
	Date-Added = {2020-08-04 15:51:54 -0400},
	Date-Modified = {2020-08-04 15:51:54 -0400},
	Doi = {10.1140/epjc/s10052-020-7655-x},
	Eprint = {1908.08554},
	Journal = {Eur. Phys. J. C},
	Number = {2},
	Pages = {151},
	Primaryclass = {hep-ph},
	Reportnumber = {DESY-19-142, DESY 19-142},
	Title = {{Two-real-scalar-singlet extension of the SM: LHC phenomenology and benchmark scenarios}},
	Volume = {80},
	Year = {2020},
	Bdsk-Url-1 = {https://doi.org/10.1140/epjc/s10052-020-7655-x}}

@article{Barger:2007im,
	Archiveprefix = {arXiv},
	Author = {Barger, Vernon and Langacker, Paul and McCaskey, Mathew and Ramsey-Musolf, Michael J. and Shaughnessy, Gabe},
	Date-Added = {2020-08-04 15:51:28 -0400},
	Date-Modified = {2020-08-04 15:51:28 -0400},
	Doi = {10.1103/PhysRevD.77.035005},
	Eprint = {0706.4311},
	Journal = {Phys. Rev. D},
	Pages = {035005},
	Primaryclass = {hep-ph},
	Reportnumber = {MAD-PH-07-1492},
	Title = {{LHC Phenomenology of an Extended Standard Model with a Real Scalar Singlet}},
	Volume = {77},
	Year = {2008},
	Bdsk-Url-1 = {https://doi.org/10.1103/PhysRevD.77.035005}}

@article{Robens:2015gla,
	Archiveprefix = {arXiv},
	Author = {Robens, Tania and Stefaniak, Tim},
	Date-Added = {2020-08-04 15:51:04 -0400},
	Date-Modified = {2020-08-04 15:51:04 -0400},
	Doi = {10.1140/epjc/s10052-015-3323-y},
	Eprint = {1501.02234},
	Journal = {Eur. Phys. J. C},
	Pages = {104},
	Primaryclass = {hep-ph},
	Reportnumber = {SCIPP-15-02},
	Title = {{Status of the Higgs Singlet Extension of the Standard Model after LHC Run 1}},
	Volume = {75},
	Year = {2015},
	Bdsk-Url-1 = {https://doi.org/10.1140/epjc/s10052-015-3323-y}}

@article{chakraborty_framework_2018,
	Author = {Chakraborty, Amit and Iyer, Abhishek M. and Roy, Tuhin S.},
	Date-Added = {2020-07-28 15:06:37 -0400},
	Date-Modified = {2020-07-28 15:06:37 -0400},
	Doi = {10.1016/j.nuclphysb.2018.05.019},
	Issn = {05503213},
	Journal = {Nuclear Physics B},
	Keywords = {High Energy Physics - Phenomenology, High Energy Physics - Experiment},
	Month = jul,
	Note = {arXiv: 1707.07084},
	Pages = {439--470},
	Title = {A {Framework} for {Finding} {Anomalous} {Objects} at the {LHC}},
	Url = {http://arxiv.org/abs/1707.07084},
	Urldate = {2020-04-02},
	Volume = {932},
	Year = {2018},
	Bdsk-Url-1 = {http://arxiv.org/abs/1707.07084},
	Bdsk-Url-2 = {https://doi.org/10.1016/j.nuclphysb.2018.05.019}}

@article{Thaler:2010tr,
	Archiveprefix = {arXiv},
	Author = {Thaler, Jesse and Van Tilburg, Ken},
	Date-Added = {2020-07-28 15:05:31 -0400},
	Date-Modified = {2020-07-28 15:05:31 -0400},
	Doi = {10.1007/JHEP03(2011)015},
	Eprint = {1011.2268},
	Journal = {JHEP},
	Pages = {015},
	Primaryclass = {hep-ph},
	Reportnumber = {MIT-CTP-4191},
	Title = {{Identifying Boosted Objects with N-subjettiness}},
	Volume = {03},
	Year = {2011},
	Bdsk-Url-1 = {https://doi.org/10.1007/JHEP03(2011)015}}

@article{ATLAS:2012soa,
	Collaboration = {ATLAS},
	Date-Added = {2020-07-28 13:20:58 -0400},
	Date-Modified = {2020-07-28 15:16:46 -0400},
	Month = {7},
	Reportnumber = {ATLAS-CONF-2012-079},
	Title = {{Search for a Higgs boson decaying to four photons through light CP-odd scalar coupling using $7~\mathrm{TeV}$ $pp$ collision data taken with ATLAS detector at the LHC}},
	Year = {2012}}

@article{Chang:2006bw,
	Archiveprefix = {arXiv},
	Author = {Chang, Spencer and Fox, Patrick J. and Weiner, Neal},
	Date-Added = {2020-07-28 13:13:57 -0400},
	Date-Modified = {2020-07-28 13:13:57 -0400},
	Doi = {10.1103/PhysRevLett.98.111802},
	Eprint = {hep-ph/0608310},
	Journal = {Phys. Rev. Lett.},
	Pages = {111802},
	Title = {{Visible Cascade Higgs Decays to Four Photons at Hadron Colliders}},
	Volume = {98},
	Year = {2007},
	Bdsk-Url-1 = {https://doi.org/10.1103/PhysRevLett.98.111802}}

@article{Aad:2019uzh,
	Archiveprefix = {arXiv},
	Author = {Aad, Georges and others},
	Collaboration = {ATLAS},
	Date-Added = {2020-07-28 12:10:42 -0400},
	Date-Modified = {2020-07-28 12:10:42 -0400},
	Doi = {10.1016/j.physletb.2019.135103},
	Eprint = {1906.02025},
	Journal = {Phys. Lett. B},
	Pages = {135103},
	Primaryclass = {hep-ex},
	Reportnumber = {CERN-EP-2019-099},
	Title = {{Combination of searches for Higgs boson pairs in $pp$ collisions at $\sqrt{s} = $13 TeV with the ATLAS detector}},
	Volume = {800},
	Year = {2020},
	Bdsk-Url-1 = {https://doi.org/10.1016/j.physletb.2019.135103}}

@article{Aad:2020xfq,
	Archiveprefix = {arXiv},
	Author = {Aad, Georges and others},
	Collaboration = {ATLAS},
	Date-Added = {2020-07-28 12:09:41 -0400},
	Date-Modified = {2020-07-28 12:09:41 -0400},
	Eprint = {2007.07830},
	Month = {7},
	Primaryclass = {hep-ex},
	Reportnumber = {CERN-EP-2020-117 CERN-EP-2020-117 CERN-EP-2020-117 CERN-EP-2020-117},
	Title = {{A search for the dimuon decay of the Standard Model Higgs boson with the ATLAS detector}},
	Year = {2020}}

@article{Khachatryan:2016vau,
	Archiveprefix = {arXiv},
	Author = {Aad, Georges and others},
	Collaboration = {ATLAS, CMS},
	Date-Added = {2020-07-28 12:05:24 -0400},
	Date-Modified = {2020-07-28 12:05:24 -0400},
	Doi = {10.1007/JHEP08(2016)045},
	Eprint = {1606.02266},
	Journal = {JHEP},
	Pages = {045},
	Primaryclass = {hep-ex},
	Reportnumber = {CERN-EP-2016-100, ATLAS-HIGG-2015-07, CMS-HIG-15-002},
	Title = {{Measurements of the Higgs boson production and decay rates and constraints on its couplings from a combined ATLAS and CMS analysis of the LHC pp collision data at $ \sqrt{s}=7 $ and 8 TeV}},
	Volume = {08},
	Year = {2016},
	Bdsk-Url-1 = {https://doi.org/10.1007/JHEP08(2016)045}}

@article{Aad:2019mbh,
	Archiveprefix = {arXiv},
	Author = {Aad, Georges and others},
	Collaboration = {ATLAS},
	Date-Added = {2020-07-28 12:05:01 -0400},
	Date-Modified = {2020-07-28 12:05:01 -0400},
	Doi = {10.1103/PhysRevD.101.012002},
	Eprint = {1909.02845},
	Journal = {Phys. Rev. D},
	Number = {1},
	Pages = {012002},
	Primaryclass = {hep-ex},
	Reportnumber = {CERN-EP-2019-097},
	Title = {{Combined measurements of Higgs boson production and decay using up to $80$ fb$^{-1}$ of proton-proton collision data at $\sqrt{s}=$ 13 TeV collected with the ATLAS experiment}},
	Volume = {101},
	Year = {2020},
	Bdsk-Url-1 = {https://doi.org/10.1103/PhysRevD.101.012002}}

@article{Belanger:2013xza,
	Archiveprefix = {arXiv},
	Author = {Belanger, G. and Dumont, B. and Ellwanger, U. and Gunion, J.F. and Kraml, S.},
	Date-Added = {2020-07-28 12:03:14 -0400},
	Date-Modified = {2020-07-28 12:03:14 -0400},
	Doi = {10.1103/PhysRevD.88.075008},
	Eprint = {1306.2941},
	Journal = {Phys. Rev. D},
	Pages = {075008},
	Primaryclass = {hep-ph},
	Reportnumber = {LAPTH-032-13, LPSC1319, LPT-ORSAY-13-40, UCD-2013-3},
	Title = {{Global fit to Higgs signal strengths and couplings and implications for extended Higgs sectors}},
	Volume = {88},
	Year = {2013},
	Bdsk-Url-1 = {https://doi.org/10.1103/PhysRevD.88.075008}}

@article{Aaboud:2018xdt,
	Archiveprefix = {arXiv},
	Author = {Aaboud, Morad and others},
	Collaboration = {ATLAS},
	Date-Added = {2020-07-28 12:02:49 -0400},
	Date-Modified = {2020-07-28 12:02:49 -0400},
	Doi = {10.1103/PhysRevD.98.052005},
	Eprint = {1802.04146},
	Journal = {Phys. Rev. D},
	Pages = {052005},
	Primaryclass = {hep-ex},
	Reportnumber = {CERN-EP-2017-288},
	Title = {{Measurements of Higgs boson properties in the diphoton decay channel with 36 fb$^{-1}$ of $pp$ collision data at $\sqrt{s} = 13$ TeV with the ATLAS detector}},
	Volume = {98},
	Year = {2018},
	Bdsk-Url-1 = {https://doi.org/10.1103/PhysRevD.98.052005}}

@article{Sirunyan:2018owy,
	Archiveprefix = {arXiv},
	Author = {Sirunyan, Albert M and others},
	Collaboration = {CMS},
	Date-Added = {2020-07-28 12:01:28 -0400},
	Date-Modified = {2020-07-28 12:01:28 -0400},
	Doi = {10.1016/j.physletb.2019.04.025},
	Eprint = {1809.05937},
	Journal = {Phys. Lett. B},
	Pages = {520--551},
	Primaryclass = {hep-ex},
	Reportnumber = {CMS-HIG-17-023, CERN-EP-2018-139},
	Title = {{Search for invisible decays of a Higgs boson produced through vector boson fusion in proton-proton collisions at $\sqrt{s} =$ 13 TeV}},
	Volume = {793},
	Year = {2019},
	Bdsk-Url-1 = {https://doi.org/10.1016/j.physletb.2019.04.025}}

@article{PDG,
	Author = {M. Tanabashi et al. (Particle Data Group)},
	Date-Added = {2020-07-27 18:36:36 -0400},
	Date-Modified = {2020-07-27 18:36:36 -0400},
	Journal = {Phys. Rev. D 98, 030001 (2018)}}

@article{photon_jets,
	Archiveprefix = {arXiv},
	Author = {Ellis, Stephen D. and Roy, Tuhin S. and Scholtz, Jakub},
	Date-Added = {2020-07-27 18:23:58 -0400},
	Date-Modified = {2020-07-27 18:23:58 -0400},
	Doi = {10.1103/PhysRevD.87.014015},
	Eprint = {1210.3657},
	Journal = {Phys. Rev.},
	Number = {1},
	Pages = {014015},
	Primaryclass = {hep-ph},
	Slaccitation = {%%CITATION = ARXIV:1210.3657;%%},
	Title = {{Phenomenology of Photon-Jets}},
	Volume = {D87},
	Year = {2013},
	Bdsk-Url-1 = {https://doi.org/10.1103/PhysRevD.87.014015}}

@article{particleflow,
	Collaboration = {CMS},
	Date-Added = {2020-07-27 18:22:23 -0400},
	Date-Modified = {2020-07-27 18:22:32 -0400},
	Month = {4},
	Reportnumber = {CMS-PAS-PFT-09-001},
	Title = {{Particle-Flow Event Reconstruction in CMS and Performance for Jets, Taus, and MET}},
	Year = {2009}}

@article{fastjet,
	Archiveprefix = {arXiv},
	Author = {Cacciari, M. and Salam, G.P. and Soyez, G.},
	Date-Added = {2020-07-27 18:18:41 -0400},
	Date-Modified = {2020-07-27 18:19:56 -0400},
	Eprint = {1111.6097},
	Journal = {Eur. Phys. J. C},
	Number = {1896},
	Primaryclass = {hep-ph},
	Title = {{FastJet user manual}},
	Volume = {72},
	Year = {2012},
	Bdsk-Url-1 = {https://doi.org/10.1007/JHEP07(2014)079}}

@article{feynrules,
	Archiveprefix = {arXiv},
	Author = {Alloul, Adam and Christensen, Neil D. and Degrande, C{\'e}line and Duhr, Claude and Fuks, Benjamin},
	Date-Added = {2020-07-27 18:11:47 -0400},
	Date-Modified = {2020-07-27 18:11:47 -0400},
	Doi = {10.1016/j.cpc.2014.04.012},
	Eprint = {1310.1921},
	Journal = {Comput. Phys. Commun.},
	Pages = {2250--2300},
	Primaryclass = {hep-ph},
	Reportnumber = {CERN-PH-TH-2013-239, MCNET-13-14, IPPP-13-71, DCPT-13-142, PITT-PACC-1308},
	Title = {{FeynRules 2.0 - A complete toolbox for tree-level phenomenology}},
	Volume = {185},
	Year = {2014},
	Bdsk-Url-1 = {https://doi.org/10.1016/j.cpc.2014.04.012}}

@article{madgraph,
	Archiveprefix = {arXiv},
	Author = {Alwall, J. and Frederix, R. and Frixione, S. and Hirschi, V. and Maltoni, F. and Mattelaer, O. and Shao, H. -S. and Stelzer, T. and Torrielli, P. and Zaro, M.},
	Date-Added = {2020-07-27 18:11:39 -0400},
	Date-Modified = {2020-07-27 18:11:39 -0400},
	Doi = {10.1007/JHEP07(2014)079},
	Eprint = {1405.0301},
	Journal = {JHEP},
	Pages = {079},
	Primaryclass = {hep-ph},
	Reportnumber = {CERN-PH-TH-2014-064, CP3-14-18, LPN14-066, MCNET-14-09, ZU-TH-14-14},
	Title = {{The automated computation of tree-level and next-to-leading order differential cross sections, and their matching to parton shower simulations}},
	Volume = {07},
	Year = {2014},
	Bdsk-Url-1 = {https://doi.org/10.1007/JHEP07(2014)079}}

@article{pythia2,
	Archiveprefix = {arXiv},
	Author = {Sjostrand, Torbjorn and Mrenna, Stephen and Skands, Peter Z.},
	Date-Added = {2020-07-27 18:11:32 -0400},
	Date-Modified = {2020-07-27 18:11:32 -0400},
	Doi = {10.1016/j.cpc.2008.01.036},
	Eprint = {0710.3820},
	Journal = {Comput. Phys. Commun.},
	Pages = {852--867},
	Primaryclass = {hep-ph},
	Reportnumber = {CERN-LCGAPP-2007-04, LU-TP-07-28, FERMILAB-PUB-07-512-CD-T},
	Title = {{A Brief Introduction to PYTHIA 8.1}},
	Volume = {178},
	Year = {2008},
	Bdsk-Url-1 = {https://doi.org/10.1016/j.cpc.2008.01.036}}

@article{pythia1,
	Archiveprefix = {arXiv},
	Author = {Sjostrand, Torbjorn and Mrenna, Stephen and Skands, Peter Z.},
	Date-Added = {2020-07-27 18:11:24 -0400},
	Date-Modified = {2020-07-27 18:11:24 -0400},
	Doi = {10.1088/1126-6708/2006/05/026},
	Eprint = {hep-ph/0603175},
	Journal = {JHEP},
	Pages = {026},
	Reportnumber = {FERMILAB-PUB-06-052-CD-T, LU-TP-06-13},
	Title = {{PYTHIA 6.4 Physics and Manual}},
	Volume = {05},
	Year = {2006},
	Bdsk-Url-1 = {https://doi.org/10.1088/1126-6708/2006/05/026}}

@article{delphes,
	Archiveprefix = {arXiv},
	Author = {de Favereau, J. and Delaere, C. and Demin, P. and Giammanco, A. and Lema{\^\i}tre, V. and Mertens, A. and Selvaggi, M.},
	Collaboration = {DELPHES 3},
	Date-Added = {2020-07-27 18:11:12 -0400},
	Date-Modified = {2020-07-27 18:11:12 -0400},
	Doi = {10.1007/JHEP02(2014)057},
	Eprint = {1307.6346},
	Journal = {JHEP},
	Pages = {057},
	Primaryclass = {hep-ex},
	Title = {{DELPHES 3, A modular framework for fast simulation of a generic collider experiment}},
	Volume = {02},
	Year = {2014},
	Bdsk-Url-1 = {https://doi.org/10.1007/JHEP02(2014)057}}

@article{chawdhry_nnlo_2020,
	Annote = {Comment: 20 pages, 6 figures. v2: published version},
	Author = {Chawdhry, Herschel A. and Czakon, Micha{\l} and Mitov, Alexander and Poncelet, Rene},
	Doi = {10.1007/JHEP02(2020)057},
	Issn = {1029-8479},
	Journal = {Journal of High Energy Physics},
	Keywords = {High Energy Physics - Phenomenology, High Energy Physics - Theory, High Energy Physics - Experiment},
	Month = feb,
	Note = {arXiv: 1911.00479},
	Number = {2},
	Pages = {57},
	Title = {{NNLO} {QCD} corrections to three-photon production at the {LHC}},
	Url = {http://arxiv.org/abs/1911.00479},
	Urldate = {2020-02-27},
	Volume = {2020},
	Year = {2020},
	Bdsk-Url-1 = {http://arxiv.org/abs/1911.00479},
	Bdsk-Url-2 = {https://doi.org/10.1007/JHEP02(2020)057}}

@article{Aaboud:2017lxm,
	Archiveprefix = {arXiv},
	Author = {Aaboud, Morad and others},
	Collaboration = {ATLAS},
	Doi = {10.1016/j.physletb.2018.03.057},
	Eprint = {1712.07291},
	Journal = {Phys. Lett. B},
	Pages = {55--76},
	Primaryclass = {hep-ex},
	Reportnumber = {CERN-EP-2017-302},
	Title = {{Measurement of the production cross section of three isolated photons in $pp$ collisions at $\sqrt{s}$ = 8 TeV using the ATLAS detector}},
	Volume = {781},
	Year = {2018},
	Bdsk-Url-1 = {https://doi.org/10.1016/j.physletb.2018.03.057}}

@article{atlas_4_photon_search,
	Author = {ATLAS Collaboration},
	Doi = {10.1140/epjc/s10052-016-4034-8},
	Issn = {1434-6044, 1434-6052},
	Journal = {The European Physical Journal C},
	Keywords = {High Energy Physics - Experiment},
	Language = {en},
	Month = apr,
	Note = {arXiv: 1509.05051},
	Number = {4},
	Pages = {210},
	Title = {Search for new phenomena in events with at least three photons collected in \$pp\$ collisions at \${\textbackslash}sqrt\{s\}\$ = 8 {TeV} with the {ATLAS} detector},
	Url = {http://arxiv.org/abs/1509.05051},
	Urldate = {2020-05-04},
	Volume = {76},
	Year = {2016},
	Bdsk-Url-1 = {http://arxiv.org/abs/1509.05051},
	Bdsk-Url-2 = {https://doi.org/10.1140/epjc/s10052-016-4034-8}}

@article{Aaboud:2018djx,
	Archiveprefix = {arXiv},
	Author = {Aaboud, Morad and others},
	Collaboration = {ATLAS},
	Doi = {10.1103/PhysRevD.99.012008},
	Eprint = {1808.10515},
	Journal = {Phys. Rev.},
	Number = {1},
	Pages = {012008},
	Primaryclass = {hep-ex},
	Reportnumber = {CERN-EP-2018-143},
	Slaccitation = {%%CITATION = ARXIV:1808.10515;%%},
	Title = {{A search for pairs of highly collimated photon-jets in $pp$ collisions at $\sqrt{s}$ = 13 TeV with the ATLAS detector}},
	Volume = {D99},
	Year = {2019},
	Bdsk-Url-1 = {https://doi.org/10.1103/PhysRevD.99.012008}}

@article{atlas_photon_efficiency,
	Author = {ATLAS Collaboration},
	Doi = {10.1088/1748-0221/14/12/P12006},
	Issn = {1748-0221},
	Journal = {Journal of Instrumentation},
	Keywords = {High Energy Physics - Experiment},
	Month = dec,
	Note = {arXiv: 1908.00005},
	Number = {12},
	Pages = {P12006--P12006},
	Title = {Electron and photon performance measurements with the {ATLAS} detector using the 2015-2017 {LHC} proton-proton collision data},
	Url = {http://arxiv.org/abs/1908.00005},
	Urldate = {2020-04-08},
	Volume = {14},
	Year = {2019},
	Bdsk-Url-1 = {http://arxiv.org/abs/1908.00005},
	Bdsk-Url-2 = {https://doi.org/10.1088/1748-0221/14/12/P12006}}

@article{ATLAS:2012ana,
	Collaboration = {ATLAS},
	Reportnumber = {ATLAS-CONF-2012-123},
	Slaccitation = {%%CITATION = ATLAS-CONF-2012-123;%%},
	Title = {{Measurements of the photon identification efficiency with the ATLAS detector using $4.9 fb^{-1}$ of pp collision data collected in 2011}},
	Year = {2012}}
