%% This BibTeX bibliography file was created using BibDesk.
%% http://bibdesk.sourceforge.net/

%% Created for Noah Steinberg at 2020-12-30 16:41:37 -0500 


%% Saved with string encoding Unicode (UTF-8) 



@article{Mimasu:2014nea,
	archiveprefix = {arXiv},
	author = {Mimasu, Ken and Sanz, Ver\'onica},
	date-added = {2020-12-30 16:26:09 -0500},
	date-modified = {2020-12-30 16:26:09 -0500},
	doi = {10.1007/JHEP06(2015)173},
	eprint = {1409.4792},
	journal = {JHEP},
	pages = {173},
	primaryclass = {hep-ph},
	title = {{ALPs at Colliders}},
	volume = {06},
	year = {2015},
	Bdsk-Url-1 = {https://doi.org/10.1007/JHEP06(2015)173}}

@article{Chala:2020wvs,
	archiveprefix = {arXiv},
	author = {Chala, Mikael and Guedes, Guilherme and Ramos, Maria and Santiago, Jose},
	date-added = {2020-12-30 16:21:48 -0500},
	date-modified = {2020-12-30 16:21:48 -0500},
	eprint = {2012.09017},
	month = {12},
	primaryclass = {hep-ph},
	title = {{Running in the ALPs}},
	year = {2020}}

@article{Bauer:2020jbp,
	archiveprefix = {arXiv},
	author = {Bauer, Martin and Neubert, Matthias and Renner, Sophie and Schnubel, Marvin and Thamm, Andrea},
	date-added = {2020-12-30 16:19:24 -0500},
	date-modified = {2020-12-30 16:19:24 -0500},
	eprint = {2012.12272},
	month = {12},
	primaryclass = {hep-ph},
	reportnumber = {IPPP/20/69, MITP/20-070 SISSA 30/2020/FISI, ZH-TH-47/20},
	title = {{The Low-Energy Effective Theory of Axions and ALPs}},
	year = {2020}}

@article{Kowalczyk:2920agg,
	author = {Kowalczyk, Elizabeth and Blinov, Nikita},
	date-added = {2020-12-30 16:16:00 -0500},
	date-modified = {2020-12-30 16:16:00 -0500},
	doi = {10.2172/1693444},
	month = {10},
	reportnumber = {FERMILAB-FN-1105-T},
	title = {{Searching for Axion-like Particles at DarkQuest}},
	year = {2020},
	Bdsk-Url-1 = {https://doi.org/10.2172/1693444}}

@article{Beacham:2019nyx,
	archiveprefix = {arXiv},
	author = {Beacham, J. and others},
	date-added = {2020-12-30 16:12:39 -0500},
	date-modified = {2020-12-30 16:12:39 -0500},
	doi = {10.1088/1361-6471/ab4cd2},
	eprint = {1901.09966},
	journal = {J. Phys. G},
	number = {1},
	pages = {010501},
	primaryclass = {hep-ex},
	reportnumber = {CERN-PBC-REPORT-2018-007},
	title = {{Physics Beyond Colliders at CERN: Beyond the Standard Model Working Group Report}},
	volume = {47},
	year = {2020},
	Bdsk-Url-1 = {https://doi.org/10.1088/1361-6471/ab4cd2}}

@article{Feng:2018pew,
	archiveprefix = {arXiv},
	author = {Feng, Jonathan L. and Galon, Iftah and Kling, Felix and Trojanowski, Sebastian},
	date-added = {2020-12-30 16:07:44 -0500},
	date-modified = {2020-12-30 16:07:44 -0500},
	doi = {10.1103/PhysRevD.98.055021},
	eprint = {1806.02348},
	journal = {Phys. Rev. D},
	number = {5},
	pages = {055021},
	primaryclass = {hep-ph},
	reportnumber = {UCI-TR-2018-02},
	title = {{Axionlike particles at FASER: The LHC as a photon beam dump}},
	volume = {98},
	year = {2018},
	Bdsk-Url-1 = {https://doi.org/10.1103/PhysRevD.98.055021}}

@article{PhysRevLett.40.223,
	author = {Weinberg, Steven},
	date-added = {2020-12-30 16:02:28 -0500},
	date-modified = {2020-12-30 16:02:28 -0500},
	doi = {10.1103/PhysRevLett.40.223},
	issue = {4},
	journal = {Phys. Rev. Lett.},
	month = {Jan},
	numpages = {0},
	pages = {223--226},
	publisher = {American Physical Society},
	title = {A New Light Boson?},
	url = {https://link.aps.org/doi/10.1103/PhysRevLett.40.223},
	volume = {40},
	year = {1978},
	Bdsk-Url-1 = {https://link.aps.org/doi/10.1103/PhysRevLett.40.223},
	Bdsk-Url-2 = {https://doi.org/10.1103/PhysRevLett.40.223}}

@webpage{ILCDelphes,
	author = {Aleksander Filip {\.Z}arnecki},
	date-added = {2020-12-28 15:56:09 -0500},
	date-modified = {2020-12-28 15:57:44 -0500},
	month = {August},
	title = {Generic ILC detector model for Delphes},
	url = {https://github.com/iLCSoft/ILCDelphes},
	year = {2020},
	Bdsk-Url-1 = {https://github.com/iLCSoft/ILCDelphes}}

@article{Sjostrand:2014zea,
	archiveprefix = {arXiv},
	author = {Sj\"ostrand, Torbj\"orn and Ask, Stefan and Christiansen, Jesper R. and Corke, Richard and Desai, Nishita and Ilten, Philip and Mrenna, Stephen and Prestel, Stefan and Rasmussen, Christine O. and Skands, Peter Z.},
	date-added = {2020-12-28 15:54:26 -0500},
	date-modified = {2020-12-28 15:54:26 -0500},
	doi = {10.1016/j.cpc.2015.01.024},
	eprint = {1410.3012},
	journal = {Comput. Phys. Commun.},
	pages = {159--177},
	primaryclass = {hep-ph},
	reportnumber = {LU-TP-14-36, MCNET-14-22, CERN-PH-TH-2014-190, FERMILAB-PUB-14-316-CD, DESY-14-178, SLAC-PUB-16122},
	title = {{An introduction to PYTHIA 8.2}},
	volume = {191},
	year = {2015},
	Bdsk-Url-1 = {https://doi.org/10.1016/j.cpc.2015.01.024}}

@article{Bauer:2018uxu,
	archiveprefix = {arXiv},
	author = {Bauer, Martin and Heiles, Mathias and Neubert, Matthias and Thamm, Andrea},
	date-added = {2020-12-28 15:24:08 -0500},
	date-modified = {2020-12-28 15:24:08 -0500},
	doi = {10.1140/epjc/s10052-019-6587-9},
	eprint = {1808.10323},
	journal = {Eur. Phys. J. C},
	number = {1},
	pages = {74},
	primaryclass = {hep-ph},
	reportnumber = {CERN-TH-2018-199, MITP/18-075},
	title = {{Axion-Like Particles at Future Colliders}},
	volume = {79},
	year = {2019},
	Bdsk-Url-1 = {https://doi.org/10.1140/epjc/s10052-019-6587-9}}

@article{Knapen:2016moh,
	archiveprefix = {arXiv},
	author = {Knapen, Simon and Lin, Tongyan and Lou, Hou Keong and Melia, Tom},
	date-added = {2020-12-28 14:19:17 -0500},
	date-modified = {2020-12-28 14:19:17 -0500},
	doi = {10.1103/PhysRevLett.118.171801},
	eprint = {1607.06083},
	journal = {Phys. Rev. Lett.},
	number = {17},
	pages = {171801},
	primaryclass = {hep-ph},
	title = {{Searching for Axionlike Particles with Ultraperipheral Heavy-Ion Collisions}},
	volume = {118},
	year = {2017},
	Bdsk-Url-1 = {https://doi.org/10.1103/PhysRevLett.118.171801}}

@article{Aad:2020cje,
	archiveprefix = {arXiv},
	author = {Aad, Georges and others},
	collaboration = {ATLAS},
	date-added = {2020-12-28 14:17:52 -0500},
	date-modified = {2020-12-28 14:17:52 -0500},
	eprint = {2008.05355},
	month = {8},
	primaryclass = {hep-ex},
	reportnumber = {CERN-EP-2020-135},
	title = {{Measurement of light-by-light scattering and search for axion-like particles with 2.2 nb$^{-1}$ of Pb+Pb data with the ATLAS detector}},
	year = {2020}}

@article{Sheff:2020jyw,
	archiveprefix = {arXiv},
	author = {Sheff, Benjamin and Steinberg, Noah and Wells, James D.},
	date-added = {2020-12-17 13:27:18 -0500},
	date-modified = {2020-12-17 13:27:18 -0500},
	eprint = {2008.10568},
	month = {8},
	primaryclass = {hep-ph},
	title = {{Higgs boson decays into narrow di-photon jets and their search strategies at the Large Hadron Collider}},
	year = {2020}}

@article{Sirunyan:2018fhl,
	archiveprefix = {arXiv},
	author = {Sirunyan, Albert M and others},
	collaboration = {CMS},
	date-added = {2020-12-16 12:17:32 -0500},
	date-modified = {2020-12-16 12:17:32 -0500},
	doi = {10.1016/j.physletb.2019.134826},
	eprint = {1810.04602},
	journal = {Phys. Lett. B},
	pages = {134826},
	primaryclass = {hep-ex},
	reportnumber = {CMS-FSQ-16-012, CERN-EP-2018-271},
	title = {{Evidence for light-by-light scattering and searches for axion-like particles in ultraperipheral PbPb collisions at $\sqrt{s_\mathrm{NN}} =$ 5.02 TeV}},
	volume = {797},
	year = {2019},
	Bdsk-Url-1 = {https://doi.org/10.1016/j.physletb.2019.134826}}

@article{Darme:2020sjf,
	archiveprefix = {arXiv},
	author = {Darm\'e, Luc and Giacchino, Federica and Nardi, Enrico and Raggi, Mauro},
	date-added = {2020-12-16 12:07:15 -0500},
	date-modified = {2020-12-16 12:07:15 -0500},
	eprint = {2012.07894},
	month = {12},
	primaryclass = {hep-ph},
	title = {{Invisible decays of axion-like particles: constraints and prospects}},
	year = {2020}}

@article{Gershtein:2020mwi,
	archiveprefix = {arXiv},
	author = {Gershtein, Yuri and Knapen, Simon and Redigolo, Diego},
	date-added = {2020-12-16 12:06:15 -0500},
	date-modified = {2020-12-16 12:06:15 -0500},
	eprint = {2012.07864},
	month = {12},
	primaryclass = {hep-ph},
	title = {{Probing naturally light singlets with a displaced vertex trigger}},
	year = {2020}}

@article{BelleII:2020fag,
	archiveprefix = {arXiv},
	author = {Abudin\'en, F. and others},
	collaboration = {Belle-II},
	date-added = {2020-12-16 12:00:21 -0500},
	date-modified = {2020-12-16 12:00:21 -0500},
	doi = {10.1103/PhysRevLett.125.161806},
	eprint = {2007.13071},
	journal = {Phys. Rev. Lett.},
	number = {16},
	pages = {161806},
	primaryclass = {hep-ex},
	reportnumber = {Belle II Preprint 2020-001, KEK Preprint 2020-10},
	title = {{Search for Axion-Like Particles produced in $e^+e^-$ collisions at Belle II}},
	volume = {125},
	year = {2020},
	Bdsk-Url-1 = {https://doi.org/10.1103/PhysRevLett.125.161806}}

@article{Baer:2013cma,
	archiveprefix = {arXiv},
	date-added = {2020-11-18 11:55:10 -0800},
	date-modified = {2020-11-18 11:55:10 -0800},
	editor = {Baer, Howard and others},
	eprint = {1306.6352},
	month = {6},
	primaryclass = {hep-ph},
	reportnumber = {ILC-REPORT-2013-040, ANL-HEP-TR-13-20, BNL-100603-2013-IR, IRFU-13-59, CERN-ATS-2013-037, COCKCROFT-13-10, CLNS-13-2085, DESY-13-062, FERMILAB-TM-2554, IHEP-AC-ILC-2013-001, INFN-13-04-LNF, JAI-2013-001, JINR-E9-2013-35, JLAB-R-2013-01, KEK-REPORT-2013-1, KNU-CHEP-ILC-2013-1, LLNL-TR-635539, SLAC-R-1004, ILC-HIGRADE-REPORT-2013-003},
	title = {{The International Linear Collider Technical Design Report - Volume 2: Physics}},
	year = {2013}}

@article{Erler:2000jg,
	archiveprefix = {arXiv},
	author = {Erler, J. and Heinemeyer, S. and Hollik, W. and Weiglein, G. and Zerwas, P.M.},
	date-added = {2020-11-18 11:54:36 -0800},
	date-modified = {2020-11-18 11:54:36 -0800},
	doi = {10.1016/S0370-2693(00)00749-8},
	editor = {Behnke, Ties and Bertolucci, S. and Heuer, Rolf D. and Miller, David and Richard, Francois and Settles, Ron and Telnov, V. and Zerwas, Peter},
	eprint = {hep-ph/0005024},
	month = {5},
	pages = {1389--1402},
	reportnumber = {LC-TH-2001-002, CERN-TH-2000-109, DESY-00-050, KA-TP-5-2000, UPR-882-T},
	title = {{Physics impact of GigaZ}},
	year = {2000},
	Bdsk-Url-1 = {https://doi.org/10.1016/S0370-2693(00)00749-8}}

@article{Bambade:2019fyw,
	archiveprefix = {arXiv},
	author = {Bambade, Philip and others},
	date-added = {2020-11-18 11:23:28 -0800},
	date-modified = {2020-11-18 11:23:28 -0800},
	eprint = {1903.01629},
	month = {3},
	primaryclass = {hep-ex},
	reportnumber = {DESY 19-037, DESY-19-037, FERMILAB-FN-1067-PPD, IFIC/19-10, IRFU-19-10, JLAB-PHY-19-2854, KEK Preprint 2018-92, JLAB-PHY-19-2854, KEK Preprint 2018-92, LAL/RT 19-001, PNNL-SA-142168, SLAC-PUB-17412, SLAC-PUB-17412},
	title = {{The International Linear Collider: A Global Project}},
	year = {2019}}

@article{Ellis:2012zp,
	archiveprefix = {arXiv},
	author = {Ellis, Stephen D. and Roy, Tuhin S. and Scholtz, Jakub},
	date-added = {2020-11-18 11:20:11 -0800},
	date-modified = {2020-11-18 11:20:11 -0800},
	doi = {10.1103/PhysRevD.87.014015},
	eprint = {1210.3657},
	journal = {Phys. Rev. D},
	number = {1},
	pages = {014015},
	primaryclass = {hep-ph},
	title = {{Phenomenology of Photon-Jets}},
	volume = {87},
	year = {2013},
	Bdsk-Url-1 = {https://doi.org/10.1103/PhysRevD.87.014015}}

@article{Aad:2015bua,
	archiveprefix = {arXiv},
	author = {Aad, Georges and others},
	collaboration = {ATLAS},
	date-added = {2020-11-18 10:04:50 -0800},
	date-modified = {2020-11-18 10:04:50 -0800},
	doi = {10.1140/epjc/s10052-016-4034-8},
	eprint = {1509.05051},
	journal = {Eur. Phys. J. C},
	number = {4},
	pages = {210},
	primaryclass = {hep-ex},
	reportnumber = {CERN-PH-EP-2015-187},
	title = {{Search for new phenomena in events with at least three photons collected in $pp$ collisions at $\sqrt{s}$ = 8 TeV with the ATLAS detector}},
	volume = {76},
	year = {2016},
	Bdsk-Url-1 = {https://doi.org/10.1140/epjc/s10052-016-4034-8}}

@article{Graham:2015ouw,
	archiveprefix = {arXiv},
	author = {Graham, Peter W. and Irastorza, Igor G. and Lamoreaux, Steven K. and Lindner, Axel and van Bibber, Karl A.},
	date-added = {2020-11-18 09:30:27 -0800},
	date-modified = {2020-11-18 09:30:27 -0800},
	doi = {10.1146/annurev-nucl-102014-022120},
	eprint = {1602.00039},
	journal = {Ann. Rev. Nucl. Part. Sci.},
	pages = {485--514},
	primaryclass = {hep-ex},
	title = {{Experimental Searches for the Axion and Axion-Like Particles}},
	volume = {65},
	year = {2015},
	Bdsk-Url-1 = {https://doi.org/10.1146/annurev-nucl-102014-022120}}

@article{Millea:2015qra,
	archiveprefix = {arXiv},
	author = {Millea, Marius and Knox, Lloyd and Fields, Brian},
	date-added = {2020-11-17 09:17:05 -0800},
	date-modified = {2020-11-17 09:17:05 -0800},
	doi = {10.1103/PhysRevD.92.023010},
	eprint = {1501.04097},
	journal = {Phys. Rev. D},
	number = {2},
	pages = {023010},
	primaryclass = {astro-ph.CO},
	title = {{New Bounds for Axions and Axion-Like Particles with keV-GeV Masses}},
	volume = {92},
	year = {2015},
	Bdsk-Url-1 = {https://doi.org/10.1103/PhysRevD.92.023010}}

@article{Jaeckel:2015jla,
	archiveprefix = {arXiv},
	author = {Jaeckel, Joerg and Spannowsky, Michael},
	date-added = {2020-11-17 08:57:51 -0800},
	date-modified = {2020-11-17 08:57:51 -0800},
	doi = {10.1016/j.physletb.2015.12.037},
	eprint = {1509.00476},
	journal = {Phys. Lett. B},
	pages = {482--487},
	primaryclass = {hep-ph},
	title = {{Probing MeV to 90 GeV axion-like particles with LEP and LHC}},
	volume = {753},
	year = {2016},
	Bdsk-Url-1 = {https://doi.org/10.1016/j.physletb.2015.12.037}}

@article{Acciarri:1994gb,
	author = {Acciarri, M. and others},
	collaboration = {L3},
	date-added = {2020-11-17 08:56:02 -0800},
	date-modified = {2020-11-17 08:56:02 -0800},
	doi = {10.1016/0370-2693(95)01612-T},
	journal = {Phys. Lett. B},
	pages = {609--616},
	reportnumber = {CERN-PPE-94-186},
	title = {{Search for anomalous Z --\ensuremath{>} gamma gamma gamma events at LEP}},
	volume = {345},
	year = {1995},
	Bdsk-Url-1 = {https://doi.org/10.1016/0370-2693(95)01612-T}}

@phdthesis{Powell:2016tfs,
	author = {Powell, Andrew J.},
	date-added = {2020-11-17 08:40:57 -0800},
	date-modified = {2020-11-17 08:40:57 -0800},
	school = {Oxford U.},
	title = {{The cosmology and astrophysics of axion-like particles}},
	year = {2016}}

@article{Peccei:2006as,
	archiveprefix = {arXiv},
	author = {Peccei, R.D.},
	date-added = {2020-11-16 11:58:57 -0800},
	date-modified = {2020-11-16 11:58:57 -0800},
	doi = {10.1007/978-3-540-73518-2_1},
	editor = {Kuster, Markus and Raffelt, Georg and Beltran, Berta},
	eprint = {hep-ph/0607268},
	journal = {Lect. Notes Phys.},
	pages = {3--17},
	title = {{The Strong CP problem and axions}},
	volume = {741},
	year = {2008},
	Bdsk-Url-1 = {https://doi.org/10.1007/978-3-540-73518-2_1}}

@article{Kim:1986ax,
	author = {Kim, Jihn E.},
	date-added = {2020-11-16 11:56:36 -0800},
	date-modified = {2020-11-16 11:56:36 -0800},
	doi = {10.1016/0370-1573(87)90017-2},
	journal = {Phys. Rept.},
	pages = {1--177},
	reportnumber = {SNUHE-86-09},
	title = {{Light Pseudoscalars, Particle Physics and Cosmology}},
	volume = {150},
	year = {1987},
	Bdsk-Url-1 = {https://doi.org/10.1016/0370-1573(87)90017-2}}

@inproceedings{Ringwald:2014vqa,
	archiveprefix = {arXiv},
	author = {Ringwald, A.},
	booktitle = {{49th Rencontres de Moriond on Electroweak Interactions and Unified Theories}},
	date-added = {2020-11-16 11:55:39 -0800},
	date-modified = {2020-11-16 11:55:39 -0800},
	eprint = {1407.0546},
	pages = {223--230},
	primaryclass = {hep-ph},
	reportnumber = {DESY-14-108},
	title = {{Axions and Axion-Like Particles}},
	year = {2014}}

@article{Svrcek:2006yi,
	archiveprefix = {arXiv},
	author = {Svrcek, Peter and Witten, Edward},
	date-added = {2020-11-16 11:54:50 -0800},
	date-modified = {2020-11-16 11:54:50 -0800},
	doi = {10.1088/1126-6708/2006/06/051},
	eprint = {hep-th/0605206},
	journal = {JHEP},
	pages = {051},
	reportnumber = {SLAC-PUB-11894},
	title = {{Axions In String Theory}},
	volume = {06},
	year = {2006},
	Bdsk-Url-1 = {https://doi.org/10.1088/1126-6708/2006/06/051}}

@article{Athron:2017kgt,
	archiveprefix = {arXiv},
	author = {Athron, Peter and others},
	collaboration = {GAMBIT},
	date-added = {2020-11-16 11:47:03 -0800},
	date-modified = {2020-11-16 11:47:03 -0800},
	doi = {10.1140/epjc/s10052-017-5113-1},
	eprint = {1705.07931},
	journal = {Eur. Phys. J. C},
	number = {8},
	pages = {568},
	primaryclass = {hep-ph},
	reportnumber = {COEPP-MN-17-10, CERN-TH-2017-170, NORDITA 2017-079, CoEPP-MN-17-10, gambit-physics, gambit-physics-2017},
	title = {{Status of the scalar singlet dark matter model}},
	volume = {77},
	year = {2017},
	Bdsk-Url-1 = {https://doi.org/10.1140/epjc/s10052-017-5113-1}}

@article{Duffy:2009ig,
	archiveprefix = {arXiv},
	author = {Duffy, Leanne D. and van Bibber, Karl},
	date-added = {2020-11-16 11:46:21 -0800},
	date-modified = {2020-11-16 11:46:21 -0800},
	doi = {10.1088/1367-2630/11/10/105008},
	eprint = {0904.3346},
	journal = {New J. Phys.},
	pages = {105008},
	primaryclass = {hep-ph},
	reportnumber = {LA-UR-09-02007, LLNL-JRNL-412070},
	title = {{Axions as Dark Matter Particles}},
	volume = {11},
	year = {2009},
	Bdsk-Url-1 = {https://doi.org/10.1088/1367-2630/11/10/105008}}

@article{Carena:2019une,
	archiveprefix = {arXiv},
	author = {Carena, Marcela and Liu, Zhen and Wang, Yikun},
	date-added = {2020-11-16 11:45:16 -0800},
	date-modified = {2020-11-16 11:45:16 -0800},
	doi = {10.1007/JHEP08(2020)107},
	eprint = {1911.10206},
	journal = {JHEP},
	pages = {107},
	primaryclass = {hep-ph},
	reportnumber = {FERMILAB-PUB-19-667-T, FERMILAB-PUB-19-602-T},
	title = {{Electroweak phase transition with spontaneous Z$_{2}$-breaking}},
	volume = {08},
	year = {2020},
	Bdsk-Url-1 = {https://doi.org/10.1007/JHEP08(2020)107}}

@article{madgraph,
	archiveprefix = {arXiv},
	author = {Alwall, J. and Frederix, R. and Frixione, S. and Hirschi, V. and Maltoni, F. and Mattelaer, O. and Shao, H. -S. and Stelzer, T. and Torrielli, P. and Zaro, M.},
	date-added = {2020-10-01 13:22:39 -0400},
	date-modified = {2020-10-01 13:22:39 -0400},
	doi = {10.1007/JHEP07(2014)079},
	eprint = {1405.0301},
	journal = {JHEP},
	pages = {079},
	primaryclass = {hep-ph},
	reportnumber = {CERN-PH-TH-2014-064, CP3-14-18, LPN14-066, MCNET-14-09, ZU-TH-14-14},
	title = {{The automated computation of tree-level and next-to-leading order differential cross sections, and their matching to parton shower simulations}},
	volume = {07},
	year = {2014},
	Bdsk-Url-1 = {https://doi.org/10.1007/JHEP07(2014)079}}

@article{atlas_4_photon_search,
	author = {ATLAS Collaboration},
	date-added = {2020-10-01 13:05:25 -0400},
	date-modified = {2020-10-01 13:05:25 -0400},
	doi = {10.1140/epjc/s10052-016-4034-8},
	issn = {1434-6044, 1434-6052},
	journal = {The European Physical Journal C},
	keywords = {High Energy Physics - Experiment},
	language = {en},
	month = apr,
	note = {arXiv: 1509.05051},
	number = {4},
	pages = {210},
	title = {Search for new phenomena in events with at least three photons collected in \$pp\$ collisions at \${\textbackslash}sqrt\{s\}\$ = 8 {TeV} with the {ATLAS} detector},
	url = {http://arxiv.org/abs/1509.05051},
	urldate = {2020-05-04},
	volume = {76},
	year = {2016},
	Bdsk-Url-1 = {http://arxiv.org/abs/1509.05051},
	Bdsk-Url-2 = {https://doi.org/10.1140/epjc/s10052-016-4034-8}}

@article{Aaltonen:2013mfa,
	archiveprefix = {arXiv},
	author = {Aaltonen, Timo Antero and others},
	collaboration = {CDF},
	date-added = {2020-10-01 13:04:37 -0400},
	date-modified = {2020-10-01 13:04:37 -0400},
	doi = {10.1103/PhysRevLett.112.111803},
	eprint = {1311.3282},
	journal = {Phys. Rev. Lett.},
	pages = {111803},
	primaryclass = {hep-ex},
	reportnumber = {FERMILAB-PUB-13-509-E},
	title = {{First Search for Exotic Z Boson Decays into Photons and Neutral Pions in Hadron Collisions}},
	volume = {112},
	year = {2014},
	Bdsk-Url-1 = {https://doi.org/10.1103/PhysRevLett.112.111803}}

@article{zphotonSM,
	author = {Glover, E.W.N and Morgan, A.G.},
	date-added = {2020-10-01 12:29:56 -0400},
	date-modified = {2020-10-01 12:30:39 -0400},
	journal = {Phys. C - Particles and Fields},
	pages = {175-180},
	title = {Z boson decay into photons},
	volume = {60},
	year = {1993}}

@article{Aaboud:2018djx,
	archiveprefix = {arXiv},
	author = {Aaboud, Morad and others},
	collaboration = {ATLAS},
	date-added = {2020-09-29 12:04:57 -0400},
	date-modified = {2020-09-29 12:04:57 -0400},
	doi = {10.1103/PhysRevD.99.012008},
	eprint = {1808.10515},
	journal = {Phys. Rev. D},
	number = {1},
	pages = {012008},
	primaryclass = {hep-ex},
	reportnumber = {CERN-EP-2018-143},
	title = {{A search for pairs of highly collimated photon-jets in $pp$ collisions at $\sqrt{s}$ = 13 TeV with the ATLAS detector}},
	volume = {99},
	year = {2019},
	Bdsk-Url-1 = {https://doi.org/10.1103/PhysRevD.99.012008}}

@article{Jeans:2012jj,
	archiveprefix = {arXiv},
	author = {Jeans, D. and Brient, J.C. and Reinhard, M.},
	date-added = {2020-09-16 12:53:08 -0400},
	date-modified = {2020-09-16 12:53:08 -0400},
	doi = {10.1088/1748-0221/7/06/P06003},
	eprint = {1203.0774},
	journal = {JINST},
	pages = {P06003},
	primaryclass = {physics.ins-det},
	title = {{GARLIC: GAmma Reconstruction at a LInear Collider experiment}},
	volume = {7},
	year = {2012},
	Bdsk-Url-1 = {https://doi.org/10.1088/1748-0221/7/06/P06003}}
