%% This BibTeX bibliography file was created using BibDesk.
%% http://bibdesk.sourceforge.net/

%% Created for Noah Steinberg at 2020-05-12 10:41:56 -0400 


%% Saved with string encoding Unicode (UTF-8) 



@article{Ellis:2012zp,
	Archiveprefix = {arXiv},
	Author = {Ellis, Stephen D. and Roy, Tuhin S. and Scholtz, Jakub},
	Date-Added = {2020-05-12 10:24:15 -0400},
	Date-Modified = {2020-05-12 10:24:15 -0400},
	Doi = {10.1103/PhysRevD.87.014015},
	Eprint = {1210.3657},
	Journal = {Phys. Rev. D},
	Number = {1},
	Pages = {014015},
	Primaryclass = {hep-ph},
	Title = {{Phenomenology of Photon-Jets}},
	Volume = {87},
	Year = {2013},
	Bdsk-Url-1 = {https://doi.org/10.1103/PhysRevD.87.014015}}

@article{eta_ATLAS,
	Author = {Aad, G. and others},
	Collaboration = {ATLAS},
	Date-Added = {2020-05-08 12:19:31 -0400},
	Date-Modified = {2020-05-08 12:19:46 -0400},
	Doi = {10.1088/1748-0221/3/08/S08003},
	Journal = {JINST},
	Pages = {S08003},
	Title = {{The ATLAS Experiment at the CERN Large Hadron Collider}},
	Volume = {3},
	Year = {2008},
	Bdsk-Url-1 = {https://doi.org/10.1088/1748-0221/3/08/S08003}}

@article{Aaltonen:2012jd,
	Archiveprefix = {arXiv},
	Author = {Aaltonen, T. and others},
	Collaboration = {CDF},
	Date-Added = {2020-05-02 19:57:46 -0400},
	Date-Modified = {2020-05-02 19:57:46 -0400},
	Doi = {10.1103/PhysRevLett.110.101801},
	Eprint = {1212.4204},
	Journal = {Phys. Rev. Lett.},
	Number = {10},
	Pages = {101801},
	Primaryclass = {hep-ex},
	Reportnumber = {FERMILAB-PUB-12-655-E},
	Title = {{Measurement of the Cross Section for Prompt Isolated Diphoton Production Using the Full CDF Run II Data Sample}},
	Volume = {110},
	Year = {2013},
	Bdsk-Url-1 = {https://doi.org/10.1103/PhysRevLett.110.101801}}

@article{PDG,
	Author = {M. Tanabashi et al. (Particle Data Group)},
	Date-Added = {2020-05-02 19:53:31 -0400},
	Date-Modified = {2020-05-02 19:54:09 -0400},
	Journal = {Phys. Rev. D 98, 030001 (2018)}}

@article{Uhlemann:2008pm,
	Archiveprefix = {arXiv},
	Author = {Uhlemann, C.F. and Kauer, N.},
	Date-Added = {2020-04-21 10:18:27 -0400},
	Date-Modified = {2020-04-21 10:18:27 -0400},
	Doi = {10.1016/j.nuclphysb.2009.01.022},
	Eprint = {0807.4112},
	Journal = {Nucl. Phys. B},
	Pages = {195--211},
	Primaryclass = {hep-ph},
	Title = {{Narrow-width approximation accuracy}},
	Volume = {814},
	Year = {2009},
	Bdsk-Url-1 = {https://doi.org/10.1016/j.nuclphysb.2009.01.022}}

@article{Djouadi:1995gv,
	Archiveprefix = {arXiv},
	Author = {Djouadi, A. and Kalinowski, J. and Zerwas, P.M.},
	Date-Added = {2020-04-21 10:12:21 -0400},
	Date-Modified = {2020-04-21 10:12:21 -0400},
	Doi = {10.1007/s002880050121},
	Eprint = {hep-ph/9511342},
	Journal = {Z. Phys. C},
	Pages = {435--448},
	Reportnumber = {DESY-95-211, KA-TP-9-95, IFT-95-14},
	Title = {{Two and three-body decay modes of SUSY Higgs particles}},
	Volume = {70},
	Year = {1996},
	Bdsk-Url-1 = {https://doi.org/10.1007/s002880050121}}

@article{Djouadi:2018xqq,
	Archiveprefix = {arXiv},
	Author = {Djouadi, Abdelhak and Kalinowski, Jan and Muehlleitner, Margarete and Spira, Michael},
	Date-Added = {2020-04-17 10:24:23 -0400},
	Date-Modified = {2020-04-17 10:24:23 -0400},
	Doi = {10.1016/j.cpc.2018.12.010},
	Eprint = {1801.09506},
	Journal = {Comput. Phys. Commun.},
	Pages = {214--231},
	Primaryclass = {hep-ph},
	Reportnumber = {LPT-ORSAY-18-04, CERN-TH-2017-262, LPT-Orsay-18-04, KA-TP-03-2018, PSI-PR-18-02},
	Title = {{HDECAY: Twenty$_{++}$ years after}},
	Volume = {238},
	Year = {2019},
	Bdsk-Url-1 = {https://doi.org/10.1016/j.cpc.2018.12.010}}

@article{Chakraborty:2017mbz,
	Archiveprefix = {arXiv},
	Author = {Chakraborty, Amit and Iyer, Abhishek M. and Roy, Tuhin S.},
	Date-Added = {2020-04-03 09:53:42 -0400},
	Date-Modified = {2020-04-03 09:53:42 -0400},
	Doi = {10.1016/j.nuclphysb.2018.05.019},
	Eprint = {1707.07084},
	Journal = {Nucl. Phys.},
	Pages = {439-470},
	Primaryclass = {hep-ph},
	Slaccitation = {%%CITATION = ARXIV:1707.07084;%%},
	Title = {{A Framework for Finding Anomalous Objects at the LHC}},
	Volume = {B932},
	Year = {2018},
	Bdsk-Url-1 = {https://doi.org/10.1016/j.nuclphysb.2018.05.019}}

@article{Aaboud:2018djx,
	Archiveprefix = {arXiv},
	Author = {Aaboud, Morad and others},
	Collaboration = {ATLAS},
	Date-Added = {2020-03-26 11:46:58 -0400},
	Date-Modified = {2020-03-26 11:46:58 -0400},
	Doi = {10.1103/PhysRevD.99.012008},
	Eprint = {1808.10515},
	Journal = {Phys. Rev.},
	Number = {1},
	Pages = {012008},
	Primaryclass = {hep-ex},
	Reportnumber = {CERN-EP-2018-143},
	Slaccitation = {%%CITATION = ARXIV:1808.10515;%%},
	Title = {{A search for pairs of highly collimated photon-jets in $pp$ collisions at $\sqrt{s}$ = 13 TeV with the ATLAS detector}},
	Volume = {D99},
	Year = {2019},
	Bdsk-Url-1 = {https://doi.org/10.1103/PhysRevD.99.012008}}

@article{Chawdhry:2019bji,
	Archiveprefix = {arXiv},
	Author = {Chawdhry, Herschel A. and Czakon, Micha L. and Mitov, Alexander and Poncelet, Rene},
	Date-Added = {2020-03-26 11:46:09 -0400},
	Date-Modified = {2020-03-26 11:46:09 -0400},
	Doi = {10.1007/JHEP02(2020)057},
	Eprint = {1911.00479},
	Journal = {JHEP},
	Pages = {057},
	Primaryclass = {hep-ph},
	Reportnumber = {Cavendish-HEP-19/17, TTK-19-45, P3H-19-041},
	Slaccitation = {%%CITATION = ARXIV:1911.00479;%%},
	Title = {{NNLO QCD corrections to three-photon production at the LHC}},
	Volume = {02},
	Year = {2020},
	Bdsk-Url-1 = {https://doi.org/10.1007/JHEP02(2020)057}}
