%% This BibTeX bibliography file was created using BibDesk.
%% http://bibdesk.sourceforge.net/

%% Created for Noah Steinberg at 2019-10-29 12:47:06 -0400 


%% Saved with string encoding Unicode (UTF-8) 



@article{Xu:2016cfv,
	Author = {Xu, Chenyuan},
	Booktitle = {Proceedings, 14th International Conference on Topics in Astroparticle and Underground Physics (TAUP 2015): Torino, Italy, September 7-11, 2015},
	Collaboration = {Super-Kamiokande},
	Date-Added = {2019-10-29 12:41:10 -0400},
	Date-Modified = {2019-10-29 12:41:54 -0400},
	Doi = {10.1088/1742-6596/718/6/062070},
	Journal = {J. Phys. Conf. Ser.},
	Number = {6},
	Pages = {062070},
	Slaccitation = {%%CITATION = 00462,718,062070;%%},
	Title = {Current status of SK-Gd project and EGADS},
	Volume = {718},
	Year = {2016},
	Bdsk-Url-1 = {https://doi.org/10.1088/1742-6596/718/6/062070}}

@article{Das:2017iuj,
	Author = {Das, Anirban and Dighe, Amol and Sen, Manibrata},
	Date-Added = {2019-07-21 20:29:10 -0400},
	Date-Modified = {2019-07-21 20:29:10 -0400},
	Eprint = {1705.00468},
	Journal = {JCAP},
	Number = {05},
	Pages = {051},
	Primaryclass = {hep-ph},
	Title = {New effects of non-standard self-interactions of neutrinos in a supernova},
	Volume = {1705},
	Year = {2017}}

@article{Experiments,
	Archiveprefix = {arXiv},
	Author = {Liao, Jiajun and Marfatia, Danny and Whisnant, Kerry},
	Date-Added = {2019-06-04 12:09:58 -0400},
	Date-Modified = {2019-06-04 12:12:03 -0400},
	Eprint = {1612.01443},
	Journal = {JHEP},
	Pages = {071},
	Primaryclass = {hep-ph},
	Title = {Nonstandard neutrino interactions at DUNE,T2HK, and T2HKK},
	Volume = {01},
	Year = {2017},
	Bdsk-Url-1 = {http://dx.doi.org/10.1103/PhysRevD.97.043011}}

@article{Kharlanov:2019cpk,
	Author = {Kharlanov, Oleg and Shustov, Pavel},
	Booktitle = {{Proceedings, 22nd International Scientific Conference of Young Scientists and Specialists (AYSS-2018): Dubna, Moscow region, Russia, April 23-27, 2018}},
	Date-Added = {2019-06-03 14:51:21 +0000},
	Date-Modified = {2019-06-04 11:58:14 -0400},
	Doi = {10.1051/epjconf/201920109006},
	Journal = {EPJ Web Conf.},
	Pages = {09006},
	Slaccitation = {%%CITATION = 00776,201,09006;%%},
	Title = {Instabilities of Collective Neutrino Oscillations Induced by Non-standard Neutrino Interactions},
	Volume = {201},
	Year = {2019},
	Bdsk-Url-1 = {http://dx.doi.org/10.1051/epjconf/201920109006}}

@article{Shalgar:2019kzy,
	Archiveprefix = {arXiv},
	Author = {Shalgar, Shashank and Tamborra, Irene},
	Date-Added = {2019-06-03 14:36:32 +0000},
	Date-Modified = {2019-06-04 12:00:08 -0400},
	Eprint = {1904.07236},
	Primaryclass = {astro-ph.HE},
	Slaccitation = {%%CITATION = ARXIV:1904.07236;%%},
	Title = {Criteria for the occurrence of Crossings Between the Angular Distributions of Electron Neutrinos and Antineutrinos in the Supernova Core},
	Year = {2019}}

@article{Doring:2019axc,
	Archiveprefix = {arXiv},
	Author = {D{\"o}ring, Christian and Hansen, Rasmus S. L. and Lindner, Manfred},
	Date-Added = {2019-06-03 14:35:40 +0000},
	Date-Modified = {2019-06-04 11:56:04 -0400},
	Eprint = {1905.03647},
	Primaryclass = {hep-ph},
	Title = {Stability of three neutrino flavor conversion in supernovae},
	Year = {2019}}

@article{Dighe:1999bi,
	Archiveprefix = {arXiv},
	Author = {Dighe, Amol S. and Smirnov, Alexei {\relax Yu}.},
	Date-Added = {2019-06-03 14:34:35 +0000},
	Date-Modified = {2019-06-04 12:05:25 -0400},
	Doi = {10.1103/PhysRevD.62.033007},
	Eprint = {9907423},
	Journal = {Phys. Rev.},
	Pages = {033007},
	Primaryclass = {hep-ph},
	Reportnumber = {IC-99-83},
	Title = {Identifying the neutrino mass spectrum from the neutrino burst from a supernova},
	Volume = {D62},
	Year = {2000},
	Bdsk-Url-1 = {http://dx.doi.org/10.1103/PhysRevD.62.033007}}

@article{Fogli:2004ff,
	Archiveprefix = {arXiv},
	Author = {Fogli, G. L. and Lisi, E. and Mirizzi, A. and Montanino, D.},
	Date-Added = {2019-06-03 14:33:04 +0000},
	Date-Modified = {2019-06-04 11:56:53 -0400},
	Doi = {10.1088/1475-7516/2005/04/002},
	Eprint = {0412046},
	Journal = {JCAP},
	Pages = {002},
	Primaryclass = {hep-ph},
	Slaccitation = {%%CITATION = HEP-PH/0412046;%%},
	Title = {Probing supernova shock waves and neutrino flavor transitions in next-generation water-Cerenkov detectors},
	Volume = {0504},
	Year = {2005},
	Bdsk-Url-1 = {http://dx.doi.org/10.1088/1475-7516/2005/04/002}}

@article{Mirizzi:2015eza,
	Archiveprefix = {arXiv},
	Author = {Mirizzi, Alessandro and Tamborra, Irene and Janka, Hans-Thomas and Saviano, Ninetta and Scholberg, Kate and Bollig, Robert and Hudepohl, Lorenz and Chakraborty, Sovan},
	Date-Added = {2019-05-14 20:21:17 +0000},
	Date-Modified = {2019-06-04 11:55:48 -0400},
	Eprint = {1508.00785},
	Journal = {Riv. Nuovo Cim.},
	Number = {1-2},
	Pages = {1-112},
	Primaryclass = {astro-ph},
	Title = {Supernova Neutrinos: Production, Oscillations and Detection},
	Volume = {39},
	Year = {2016},
	Bdsk-Url-1 = {http://dx.doi.org/10.1393/ncr/i2016-10120-8}}

@book{Nbook,
	Author = {Carlo Giunti and Chung W. Kim},
	Date-Added = {2019-05-13 18:26:24 +0000},
	Date-Modified = {2019-05-13 18:29:56 +0000},
	Publisher = {Oxford University Press},
	Title = {Fundamentals of Neutrino Physics and Astrophysics},
	Year = {2007}}

@misc{sntools,
	Author = {Jost Migenda},
	Date-Added = {2019-05-10 16:12:07 +0000},
	Date-Modified = {2019-06-04 11:48:52 -0400},
	Title = {Supernova Tools},
	Url = {https://github.com/JostMigenda/sntools},
	Year = {2019},
	Bdsk-Url-1 = {https://github.com/JostMigenda/sntools}}

@article{Raffelt:2013rqa,
	Archiveprefix = {arXiv},
	Author = {Raffelt, Georg and Sarikas, Srdjan and de Sousa Seixas, David},
	Date-Added = {2019-05-10 16:05:18 +0000},
	Date-Modified = {2019-06-04 12:00:28 -0400},
	Doi = {10.1103/PhysRevLett.113.239903, 10.1103/PhysRevLett.111.091101},
	Eprint = {1305.7140},
	Journal = {Phys. Rev. Lett.},
	Number = {9},
	Pages = {091101},
	Primaryclass = {hep-ph},
	Reportnumber = {MPP-2013-127},
	Slaccitation = {%%CITATION = ARXIV:1305.7140;%%},
	Title = {Axial Symmetry Breaking in Self-Induced Flavor Conversion of Supernova Neutrino Fluxes},
	Volume = {111},
	Year = {2013},
	Bdsk-Url-1 = {http://dx.doi.org/10.1103/PhysRevLett.113.239903,%2010.1103/PhysRevLett.111.091101}}

@article{Rius:2018cjf,
	Author = {Salvado, Jordi and Mena, Olga and Palomares-Ruiz, Sergio and Rius, Nuria},
	Booktitle = {{Proceedings, 2017 International Workshop on Neutrinos from Accelerators (NuFact17): Uppsala University Main Building, Uppsala, Sweden, September 25-30, 2017}},
	Date-Added = {2019-05-09 17:58:19 +0000},
	Date-Modified = {2019-06-04 11:57:52 -0400},
	Doi = {10.22323/1.295.0132},
	Journal = {PoS},
	Pages = {132},
	Slaccitation = {%%CITATION = POSCI,NuFact2017,132;%%},
	Title = {Non-Standard Interactions with High-energy Atmospheric Neutrinos at IceCube},
	Volume = {NuFact2017},
	Year = {2018},
	Bdsk-Url-1 = {http://dx.doi.org/10.22323/1.295.0132}}

@article{Chakraborty:2011gd,
	Archiveprefix = {arXiv},
	Author = {Chakraborty, Sovan and Fischer, Tobias and Mirizzi, Alessandro and Saviano, Ninetta and Tomas, Ricard},
	Date-Added = {2019-05-09 17:02:29 +0000},
	Date-Modified = {2019-06-04 12:00:39 -0400},
	Doi = {10.1103/PhysRevD.84.025002},
	Eprint = {1105.1130},
	Journal = {Phys. Rev.},
	Pages = {025002},
	Primaryclass = {hep-ph},
	Slaccitation = {%%CITATION = ARXIV:1105.1130;%%},
	Title = {Analysis of matter suppression in collective neutrino oscillations during the supernova accretion phase},
	Volume = {D84},
	Year = {2011},
	Bdsk-Url-1 = {http://dx.doi.org/10.1103/PhysRevD.84.025002}}

@article{Dighe:2017sur,
	Archiveprefix = {arXiv},
	Author = {Dighe, Amol and Sen, Manibrata},
	Date-Added = {2019-05-09 17:01:56 +0000},
	Date-Modified = {2019-06-04 11:57:26 -0400},
	Doi = {10.1103/PhysRevD.97.043011},
	Eprint = {1709.06858},
	Journal = {Phys. Rev.},
	Number = {4},
	Pages = {043011},
	Primaryclass = {hep-ph},
	Reportnumber = {TIFR-TH-17-33},
	Slaccitation = {%%CITATION = ARXIV:1709.06858;%%},
	Title = {Nonstandard neutrino self-interactions in a supernova and fast flavor conversions},
	Volume = {D97},
	Year = {2018},
	Bdsk-Url-1 = {http://dx.doi.org/10.1103/PhysRevD.97.043011}}

@article{Sigl:1992fn,
	Author = {Sigl, G. and Raffelt, G.},
	Date-Added = {2019-05-09 17:01:28 +0000},
	Date-Modified = {2019-06-04 12:17:32 -0400},
	Doi = {10.1016/0550-3213(93)90175-O},
	Journal = {Nucl. Phys.},
	Pages = {423-451},
	Reportnumber = {MPI-PH-92-112},
	Title = {General kinetic description of relativistic mixed neutrinos},
	Volume = {B406},
	Year = {1993},
	Bdsk-Url-1 = {http://dx.doi.org/10.1016/0550-3213(93)90175-O}}

@article{Abe:2018uyc,
	Archiveprefix = {arXiv},
	Author = {Abe, K. and others},
	Collaboration = {Hyper-Kamiokande},
	Date-Added = {2019-05-09 16:59:35 +0000},
	Date-Modified = {2019-06-04 11:59:01 -0400},
	Eprint = {1805.04163},
	Primaryclass = {physics.ins-det},
	Slaccitation = {%%CITATION = ARXIV:1805.04163;%%},
	Title = {Hyper-Kamiokande Design Report},
	Year = {2018}}

@article{Nakazato:2012qf,
	Archiveprefix = {arXiv},
	Author = {Nakazato, Ken'ichiro and Sumiyoshi, Kohsuke and Suzuki, Hideyuki and Totani, Tomonori and Umeda, Hideyuki and Yamada, Shoichi},
	Date-Added = {2019-05-09 16:59:12 +0000},
	Date-Modified = {2019-06-04 11:55:55 -0400},
	Eprint = {1210.6841},
	Journal = {Astrophys. J. Suppl.},
	Pages = {2},
	Primaryclass = {astro-ph},
	Title = {Supernova Neutrino Light Curves and Spectra for Various Progenitor Stars: From Core Collapse to Proto-neutron Star Cooling},
	Volume = {205},
	Year = {2013},
	Bdsk-Url-1 = {http://dx.doi.org/10.1088/0067-0049/205/1/2}}

@article{Blennow:2008er,
	Archiveprefix = {arXiv},
	Author = {Blennow, Mattias and Mirizzi, Alessandro and Serpico, Pasquale D.},
	Date-Added = {2019-05-09 16:58:28 +0000},
	Date-Modified = {2019-06-04 11:57:15 -0400},
	Doi = {10.1103/PhysRevD.78.113004},
	Eprint = {0810.2297},
	Journal = {Phys. Rev.},
	Pages = {113004},
	Primaryclass = {hep-ph},
	Reportnumber = {FERMILAB-PUB-08-532-A, MPP-2008-134},
	Slaccitation = {%%CITATION = ARXIV:0810.2297;%%},
	Title = {Nonstandard neutrino-neutrino refractive effects in dense neutrino gases},
	Volume = {D78},
	Year = {2008},
	Bdsk-Url-1 = {http://dx.doi.org/10.1103/PhysRevD.78.113004}}

@article{Duan:2008eb,
	Archiveprefix = {arXiv},
	Author = {Duan, H. and Fuller, G. M. and Carlson, J.},
	Date-Added = {2019-05-09 16:55:58 +0000},
	Date-Modified = {2019-06-04 11:56:29 -0400},
	Doi = {10.1088/1749-4699/1/1/015007},
	Eprint = {0803.3650},
	Journal = {Comput. Sci. Dis.},
	Pages = {015007},
	Primaryclass = {astro-ph},
	Reportnumber = {INT-PUB-08-05, LA-UR-08-1602},
	Slaccitation = {%%CITATION = ARXIV:0803.3650;%%},
	Title = {Simulating nonlinear neutrino flavor evolution},
	Volume = {1},
	Year = {2008},
	Bdsk-Url-1 = {http://dx.doi.org/10.1088/1749-4699/1/1/015007}}

@article{Duan:2006an,
	Archiveprefix = {arXiv},
	Author = {Duan, Huaiyu and Fuller, George M. and Carlson, J and Qian, Yong-Zhong},
	Date-Added = {2019-05-09 16:55:37 +0000},
	Date-Modified = {2019-06-04 11:56:12 -0400},
	Doi = {10.1103/PhysRevD.74.105014},
	Eprint = {0606616},
	Journal = {Phys. Rev.},
	Pages = {105014},
	Primaryclass = {astro-ph},
	Reportnumber = {LA-UR-06-4274},
	Slaccitation = {%%CITATION = ASTRO-PH/0606616;%%},
	Title = {Simulation of Coherent Non-Linear Neutrino Flavor Transformation in the Supernova Environment. 1. Correlated Neutrino Trajectories},
	Volume = {D74},
	Year = {2006},
	Bdsk-Url-1 = {http://dx.doi.org/10.1103/PhysRevD.74.105014}}

@article{Tanabashi:2018oca,
	Author = {Tanabashi, M. and others},
	Collaboration = {Particle Data Group},
	Date-Added = {2019-05-09 16:55:10 +0000},
	Date-Modified = {2019-06-04 11:56:43 -0400},
	Doi = {10.1103/PhysRevD.98.030001},
	Journal = {Phys. Rev.},
	Number = {3},
	Pages = {030001},
	Slaccitation = {%%CITATION = PHRVA,D98,030001;%%},
	Title = {Review of Particle Physics},
	Volume = {D98},
	Year = {2018},
	Bdsk-Url-1 = {http://dx.doi.org/10.1103/PhysRevD.98.030001}}

@article{BialynickaBirula:1964zz,
	Author = {Bialynicka-Birula, Z.},
	Date-Added = {2019-05-09 16:54:16 +0000},
	Date-Modified = {2019-06-04 11:59:45 -0400},
	Doi = {10.1007/BF02749481},
	Journal = {Nuovo Cim.},
	Pages = {1484-1487},
	Slaccitation = {%%CITATION = NUCIA,33,1484;%%},
	Title = {Do Neutrinos Interact between Themselves?},
	Volume = {33},
	Year = {1964},
	Bdsk-Url-1 = {http://dx.doi.org/10.1007/BF02749481}}

@article{Bilenky:1994ma,
	Archiveprefix = {arXiv},
	Author = {Bilenky, Mikhail S. and Santamaria, Arcadi},
	Date-Added = {2019-05-09 16:53:46 +0000},
	Date-Modified = {2019-06-04 11:59:56 -0400},
	Doi = {10.1016/0370-2693(94)00961-9},
	Eprint = {9405427},
	Journal = {Phys. Lett.},
	Pages = {91-99},
	Primaryclass = {hep-ph},
	Reportnumber = {CERN-TH-7230-94},
	Slaccitation = {%%CITATION = HEP-PH/9405427;%%},
	Title = {Bounding effective operators at the one loop level: The Case of four fermion neutrino interactions},
	Volume = {B336},
	Year = {1994},
	Bdsk-Url-1 = {http://dx.doi.org/10.1016/0370-2693(94)00961-9}}

@article{Bilenky:1980ym,
	Author = {Bilenky, Samoil M. and Pontecorvo, B.},
	Booktitle = {{Ahrenshoop Sympos.1981:0072}},
	Date-Added = {2019-05-09 16:53:07 +0000},
	Date-Modified = {2019-06-04 11:58:06 -0400},
	Doi = {10.1016/0370-2693(81)90206-9},
	Journal = {Phys. Lett.},
	Pages = {32},
	Reportnumber = {JINR-E2-80-818},
	Slaccitation = {%%CITATION = PHLTA,102B,32;%%},
	Title = {Neutrino Oscillations in New Mixing Schemes With Either Dirac or Majorana Masses},
	Volume = {102B},
	Year = {1981},
	Bdsk-Url-1 = {http://dx.doi.org/10.1016/0370-2693(81)90206-9}}

@article{Manohar:1987ec,
	Author = {Manohar, Aneesh},
	Date-Added = {2019-05-09 16:50:18 +0000},
	Date-Modified = {2019-06-04 12:00:47 -0400},
	Doi = {10.1016/0370-2693(87)91171-3},
	Journal = {Phys. Lett.},
	Pages = {217},
	Reportnumber = {MIT-CTP-1461},
	Slaccitation = {%%CITATION = PHLTA,B192,217;%%},
	Title = {A Limit on the Neutrino-neutrino Scattering Cross-section From the Supernova},
	Volume = {B192},
	Year = {1987},
	Bdsk-Url-1 = {http://dx.doi.org/10.1016/0370-2693(87)91171-3}}

@article{Status,
	Author = {Miranda, O.G.},
	Date-Added = {2019-05-09 16:48:32 +0000},
	Date-Modified = {2019-06-04 12:02:36 -0400},
	Journal = {New J.Phys.},
	Number = {9},
	Pages = {095002},
	Title = {Non standard neutrino interactions: current status and future prospects},
	Volume = {17},
	Year = {2015}}

@article{Altmannshofer:2018xyo,
	Archiveprefix = {arXiv},
	Author = {Altmannshofer, Wolfgang and Tammaro, Michele and Zupan, Jure},
	Date-Added = {2019-05-09 16:22:14 +0000},
	Date-Modified = {2019-06-04 12:19:23 -0400},
	Eprint = {1812.02778},
	Journal = {{}},
	Primaryclass = {hep-ph},
	Slaccitation = {%%CITATION = ARXIV:1812.02778;%%},
	Title = {Non-standard neutrino interactions and low energy experiments},
	Year = {2018}}

@article{IceCube,
	Author = {Aartsen, M. G. and others},
	Date-Added = {2019-05-09 16:12:24 +0000},
	Date-Modified = {2019-06-04 11:56:36 -0400},
	Journal = {Phys. Rev.},
	Number = {7},
	Pages = {072009},
	Title = {Search for Nonstandard Neutrino Interactions with IceCube Deepcore},
	Volume = {D97},
	Year = {2018}}
